3750 5264
414 1060 729 1150 NECKERA
768 1060 1352 1144 POLYTRICHOIDES.

677 1241 781 1328 Tab.
807 1245 1035 1325 CCXXXI.
1064 1270 1099 1325 a.

218 1485 367 1537 remens
402 1463 650 1563 procumbens
681 1462 789 1537 ramis
818 1464 947 1538 erectis
969 1461 1221 1566 Jcornpressis,
1248 1461 1348 1535 foliis
1374 1481 1482 1536 orato
1503 1464 1580 1535 lan·

297 1599 445 1675 ceolatis
468 1598 600 1698 patulis
625 1597 845 1694 enervibus,
869 1597 1082 1700 pedunculo
1111 1598 1237 1688 brevi,
1261 1598 1421 1698 calyptra
1450 1597 1578 1697 pilosa.

258 1730 410 1809 Neclera
438 1737 725 1832 polytrichoides
755 1733 889 1812 Hedw.
924 1737 1042 1836 suppl.
1081 1762 1196 1808 muse.
1230 1763 1261 1806 2.
1288 1761 1316 1811 1.
1353 1761 1387 1832 p.
1418 1739 1499 1808 155.
1525 1733 1580 1831 Ej.

298 1896 394 1969 spec.
426 1896 541 1944 muse.
563 1898 598 1970 p.
625 1873 709 1945 244.
733 1891 757 1947 t.
786 1873 848 1947 61.
880 1871 949 1945 sub
978 1869 1117 1969 Hypno
1144 1897 1230 1943 cum
1251 1869 1476 1971 synonymis.

260 2003 530 2080 Orthotricbum
546 2010 841 2104 polytrichoides.
867 2005 1004 2080 Palisot
1029 2005 1072 2080 Β.
1095 2004 1264 2103 aetbeog.
1289 2031 1325 2102 p.
1353 2007 1412 2080 81.

258 2138 505 2243 Lepidopilum
524 2144 822 2240 pobtriclroides.
849 2142 952 2224 Brid.
975 2141 1094 2245 bryol.
1117 2166 1150 2215 a.
1172 2167 1254 2240 pag.
1271 2164 1358 2236 209.
1387 2144 1444 2238 Ej.
1464 2138 1580 2213 Man·-

297 2275 368 2348 tiss.
392 2302 430 2375 p.
461 2282 542 2352 140.
569 2279 640 2353 sub
670 2276 906 2378 Lepidopilo.

260 2407 306 2481 td
326 2435 446 2484 ramos
468 2411 642 2486 arborum
666 2433 702 2488 et
720 2412 915 2508 fruticum,
941 2439 1009 2488 nec
1032 2439 1108 2487 non
1132 2413 1171 2485 in
1206 2408 1506 2486 saxis'rnontium
1524 2405 1581 2481 la·

297 2546 454 2635 maicae,
482 2545 720 2648 Hispaniolne
749 2547 795 2622 O.
818 2549 979 2643 Suartz,
1001 2547 1041 2619 in
1068 2544 1358 2638 Martinicensis,
1376 2542 1580 2634 Trinitatis,

295 2678 477 2757 Borbonis
503 2682 631 2756 insulis
657 2683 720 2760 W.
747 2683 896 2774 Sieber;
918 2683 1033 2757 rarius
1055 2684 1253 2759 fructifera.
1285 2704 1328 2769 τι.

343 2820 471 2896 Carales
496 2815 639 2918 aliquot
663 2820 789 2896 uncias
815 2818 934 2919 longi,
960 2821 1244 2918 procumbentes
1278 2840 1314 2894 et
1341 2811 1580 2889 ascendentes

219 2953 391 3026 :utstatim
422 2954 556 3049 erecti,
584 2955 693 3029 ramis
720 2955 850 3030 erectis
884 2954 1114 3055 simplicibus
1149 2955 1207 3028 vel
1242 2981 1357 3028 unum
1380 2951 1579 3023 alterumve

215 3106 331 3160 unum
357 3114 378 3163 e
404 3089 481 3162 basi
505 3090 768 3166 exserentibus.
794 3093 903 3165 Folia
930 3109 1048 3183 ovata,
1076 3089 1294 3186 patentiora,
1314 3087 1436 3187 aliquo
1462 3081 1578 3156 modo

211 3213 359 3297 bifariam
385 3225 528 3329 pataria,
562 3225 730 3300 acumine
756 3246 910 3324 angusto
933 3225 1046 3322 longo
1056 3279 1067 3319 ,
1102 3225 1253 3323 paulum
1279 3222 1449 3319 obliqua,
1471 3216 1579 3290 inte-

211 3358 362 3454 gerrima,
398 3359 548 3461 paulum
589 3362 771 3457 flexuosa3
810 3360 954 3455 tenuia,
988 3357 1062 3451 sed,
1094 3358 1298 3454 tenaciora,
1336 3353 1442 3431 valde
1480 3351 1579 3451 pellu

209 3488 291 3590 vida,
316 3494 470 3587 uiridia,
501 3515 564 3570 aut
588 3525 676 3572 cum
707 3516 783 3570 tota
810 3495 933 3595 planta
961 3495 1206 3587 rulo-aurea,
1236 3490 1459 3592 quandoque
1482 3485 1579 3559 striis

208 3621 330 3703 duabus
370 3630 604 3728 lateralibus,
639 3633 679 3706 in
724 3629 919 3707 medietato
959 3629 1042 3704 lolii
1083 3629 1403 3718 evanescentibus,
1442 3645 1575 3696 nervos

208 3758 459 3842 timulantibus:
516 3794 628 3844 nervo
682 3766 808 3842 medio
863 3765 985 3839 nullo:
1040 3764 1182 3838 cellulis
1231 3761 1442 3837 basilnribus
1483 3756 1580 3829 sub-

210 3894 391 3998 quadratis,
421 3902 574 3979 caeteris
607 3900 796 4001 elongatis.
848 3905 976 3975 Floree
1008 3899 1179 3973 monoeci
1213 3895 1457 3985 eSwartzio,
1485 3890 1579 3964 mibi

210 4025 264 4103 tisi
282 4032 588 4139 hermaphroditi,
612 4035 809 4137 conligeni,
829 4036 928 4112 soliis
946 4034 1316 4125 ovato-acuminatis,
1342 4027 1580 4130 aequalibus:

365 4172 437 4234 Τὼ.
457 4174 618 4232 ccxxx1.
636 4192 661 4230 ι.
