3750 5264
660 513 948 591 ,Amarea
960 516 1140 612 palestre.
1575 529 1598 599 ὅ

264 700 307 778 In
329 699 631 802 locris,.pratia,
651 702 818 779 fonubus
842 700 964 779 omnia
981 699 1171 804 Europae,
1206 702 1316 778 Asiae
1340 725 1378 779 et
1402 706 1597 786 Americae

305 836 467 914 borealis
485 865 529 941 ap

361 1099 524 1202 Longis,
555 1100 638 1179 latia
656 1102 812 1204 altisque
831 1104 1051 1202 cacapitibua
1080 1118 1214 1180 terram
1240 1101 1414 1201 irriguam
1441 1107 1593 1206 obtegit,

214 1259 289 1311 arm
304 1234 477 1337 sphagno
493 1236 647 1339 aliisque
660 1237 797 1316 muscis
813 1239 899 1313 turfi
914 1237 1103 1313 materiem
1119 1238 1310 1337 praebens,
1333 1241 1448 1315 rarius
1469 1242 1595 1317 fructi·

210 1371 349 1466 lerum,
383 1372 564 1477 rarissime
587 1373 747 1477 capitula
770 1373 969 1475 proferena.
1023 1376 1148 1447 ocules
1180 1373 1353 1448 radiculis
1376 1378 1594 1453 tomentosis

208 1506 358 1583 inierim
382 1512 483 1604 tecti,
508 1508 674 1609 superius
689 1507 840 1604 archisi,
862 1508 1008 1584 unciam
1030 1535 1142 1582 unam
1170 1505 1218 1582 ad
1233 1535 1293 1583 sex
1308 1507 1423 1607 longi,
1451 1509 1594 1609 simpli·

210 1667 276 1736 eor,
296 1630 527 1740 innovantes,
550 1664 614 1719 aut
638 1630 747 1719 simul
764 1643 981 1720 dichotome
1004 1642 1149 1719 ramosi.
1184 1646 1293 1720 Folio
1313 1642 1438 1738 densa,
1461 1664 1593 1746 erecta,

209 1775 427 1875 lmoeolata,
451 1779 719 1876 obtusiuaenla,
752 1777 932 1874 carinata,
956 1779 1059 1879 apice
1084 1778 1263 1854 tantillum
1285 1778 1475 1876 involuto,
1496 1782 1591 1854 aub-

211 1911 323 1988 tiliter
335 1910 567 2012 denticulata,
590 1912 875 1991 luceo-viridia:
899 1924 1164 2010 numerasse,
1187 1914 1354 2015 Proxime
1380 1913 1426 1986 ad
1449 1915 1591 2014 apicem

212 2069 466 2144 evanescente,
504 2051 545 2124 in
573 2050 719 2125 caruem
745 2048 909 2149 paullum
944 2047 1182 2144 decurrente,
1219 2048 1411 2125 concolori
1442 2049 1506 2125 sed
1538 2049 1593 2125 in·

215 2180 342 2256 eoum
374 2185 559 2263 colorato:
592 2184 735 2262 cell'nlia
757 2208 883 2263 versus
911 2184 1055 2286 apicem
1079 2182 1339 2280 eubrotundis,
1362 2183 1507 2282 larctis,
1532 2187 1592 2260 ba·

219 2312 371 2392 allecibus
391 2319 655 2419 subquadratis.

306 2577 309 2582 ’
358 2585 488 2658 Florae
511 2585 704 2663 menoeci:
740 2584 895 2660 masculi
920 2580 1115 2658 crassiores
1140 2610 1251 2683 quam
1273 2583 1406 2677 caulis,
1432 2581 1588 2661 stellatis

224 2709 301 2800 saliis
323 2715 469 2793 circiter·
490 2717 619 2795 decern
639 2720 869 2822 patentibus,
902 2715 1130 2812 lanceolutis,
1160 2717 1241 2790 basi
1263 2744 1424 2793 concava
1448 2716 1589 2812 latiore,

232 2848 365 2941 putum
387 2851 552 2928 colorata
574 2874 610 2930 et
632 2855 745 2954 magis
767 2851 961 2956 pellucido.
1013 2854 1204 2929 Aurorae
1225 2852 1414 2953 copiosae,
1440 2851 1590 2926 teretiu-

235 2981 345 3082 tculae,
374 2985 534 3081 albidac,
567 3011 741 3063 contextu
773 2988 1006 3084 tenuissimo,
1037 2987 1319 3086 interponuntur
1344 2988 1443 3063 l'oliis
1468 2987 1520 3062 ita
1546 3010 1588 3064 ut

237 3135 363 3206 quatuor
388 3121 446 3197 vel
469 3122 630 3223 quinque
653 3123 791 3198 intimis
815 3123 853 3195 iu
882 3149 1010 3197 eorum
1029 3120 1205 3197 exteriore
1232 3149 1307 3197 non
1333 3125 1455 3197 minus
1478 3150 1588 3224 quam

235 3240 377 3331 interiore
391 3256 503 3333 latere
523 3280 767 3358 apponantur,
789 3279 831 3332 ut
853 3259 891 3331 io
914 3255 1136 3353 Polytrichis
1159 3281 1288 3330 eorum
1313 3265 1393 3332 mos
1420 3280 1484 3335 est.
1509 3259 1587 3333 Sed

236 3401 288 3458 ton
313 3387 360 3466 ita
381 3391 430 3466 ab
454 3391 609 3470 invicem
634 3414 774 3468 remota
800 3413 885 3467 suat
915 3418 977 3491 per
1002 3389 1170 3467 antheras
1197 3391 1260 3464 illa
1288 3393 1393 3487 lolia,
1423 3414 1465 3468 ut
1491 3393 1585 3470 duos

237 3515 351 3600 ordines
384 3528 565 3627 regulares
601 3527 771 3605 efficiant.
829 3530 1064 3626 Paraplryses
1091 3525 1253 3601 sotheris
1293 3529 1517 3628 copiosiores
1548 3551 1586 3606 et

236 3653 343 3733 urtam
377 3683 517 3762 partem
545 3665 753 3762 longiores,
786 3664 865 3759 basi
890 3663 1145 3756 tenuissimae,
1172 3686 1296 3736 versus
1325 3676 1463 3761 apicem
1490 3691 1587 3740 cras·

237 3780 331 3888 liores,
356 3795 503 3870 taudem
526 3800 750 3899 angustiores
771 3819 807 3874 et
829 3800 866 3872 iu
893 3825 1049 3873 acumen
1075 3815 1306 3871 extenuatae:
1332 3798 1473 3872 cellulis
1494 3798 1585 3875 infe·

237 3913 363 4002 ritribus
394 3933 591 4029 teretibus,
620 3934 873 4034 superioribus
902 3934 1095 4026 brevibus,
1127 3931 1388 4023 crassioribus,
1417 3938 1585 4011 extremit

236 4047 350 4139 duum
368 4069 659 4166 angustioribus,
683 4068 871 4145 interdum
897 4069 960 4143 hic
981 4067 1059 4143 illic
1084 4066 1318 4167 compressis,
1339 4067 1439 4144 unde
1465 4069 1586 4144 forma

234 4187 340 4294 ⁰ritur,
362 4228 456 4303 quae
481 4201 531 4278 ad
551 4207 704 4306 figuram
733 4234 789 4285 ra.
809 4204 1023 4299 exhibetur,
1052 4208 1177 4280 flavae.
1230 4206 1512 4298 Femineusflos
1535 4201 1582 4276 ad
