3750 5264
388 1100 788 1217 PEROMNION
810 1096 1293 1190 RADICULOSUM.

714 1284 822 1371 Tab.
852 1285 976 1423 CClu'

633 1506 834 1588 character
857 1507 1055 1612 generiem.

174 1639 456 1719 Peristomium
481 1640 638 1743 duplex:
662 1659 859 1722 externum
874 1646 1041 1719 dentibus
1062 1642 1226 1720 sedecim
1241 1645 1540 1728 conniventibus:

246 1783 434 1856 internum
458 1780 675 1859 membrana
700 1783 822 1862 tenuis
845 1780 986 1879 albida,
1007 1779 1170 1882 primum
1192 1779 1368 1877 indivisa,
1390 1783 1540 1863 demum

247 1887 350 2017 apice
367 1914 557 2020 fatiscens.

195 2048 323 2127 Floras
346 2053 580 2145 terminales,
602 2049 845 2130 disciformes.

200 2185 344 2266 Nomen
360 2185 585 2267 derivatura
606 2216 739 2294 πηρος,
762 2188 923 2282 mutilus,
938 2187 987 2264 ob
1002 2187 1257 2289 peristomium
1273 2187 1542 2293 imperfectum.

174 2339 370 2404 ttnouutort
398 2347 675 2403 nantcunosuat.

213 2457 264 2537 Ad
283 2483 436 2538 truncos
463 2459 639 2539 arborum
663 2459 704 2536 in
723 2458 827 2537 silvis
853 2457 1047 2559 Brasiliae,
1079 2459 1117 2537 N
1120 2460 1182 2536 ovi
1206 2460 1381 2566 Friburgi
1406 2466 1546 2543 lectum

252 2593 354 2672 dedit
386 2596 558 2702 Beyrich.
583 2615 630 2692 η.

298 2729 467 2806 Habitus
495 2729 604 2808 Mnii.
658 2735 780 2808 Catulis
809 2730 1064 2827 semuncialis,
1090 2731 1244 2809 uncialis
1271 2754 1334 2811 aut
1355 2736 1547 2837 sesquiun·

184 2857 271 2964 dalis,
293 2888 460 2967 erectus,
490 2867 650 2968 simplex
675 2886 740 2941 aut
764 2864 960 2965 aliquoties
984 2892 1167 2963 ramosus,
1194 2895 1352 2966 crassus,
1379 2889 1547 2955 tomento

182 2995 257 3081 lutto
277 3024 408 3082 tactus.
460 3005 626 3082 Radices
660 3027 681 3079 e
710 3001 786 3077 filis
815 3000 1052 3104 capillaribus
1078 3002 1198 3103 longis
1230 3024 1267 3078 et
1300 3003 1475 3080 brevibus
1500 3005 1549 3079 ad

180 3131 276 3241 inin,
308 3139 523 3244 iisdemque
552 3138 602 3216 ad
633 3139 796 3215 ramulos
824 3158 888 3214 aut
916 3136 1077 3212 caulium
1107 3138 1380 3238 innovationes,
1410 3141 1547 3217 fuscae.

177 3274 263 3354 tota
283 3279 588 3382 patulo-erecta,
612 3277 775 3354 obovata
790 3275 832 3351 in
851 3271 1106 3350 tenuissimam
1132 3273 1343 3377 cuspidem,
1376 3276 1459 3352 lolii
1485 3275 1550 3351 di-

175 3406 305 3489 midiam
337 3413 577 3491 latitudinem
603 3432 844 3518 aequantem,
880 3409 1071 3502 exeuntia,
1107 3411 1270 3512 margine
1299 3433 1453 3512 angusto
1483 3411 1552 3487 sed

171 3544 317 3627 evidenti
346 3551 487 3650 cincta,
531 3549 775 3649 denticulata,
810 3547 963 3652 paulum
991 3547 1169 3644 carinata,
1203 3547 1451 3647 planiuscula,
1489 3567 1552 3622 aut

165 3685 319 3789 paullum
344 3687 526 3764 undulata
551 3708 589 3766 et
613 3688 785 3787 distorta,
805 3682 945 3787 pallide
968 3679 1121 3780 viridia,
1148 3681 1299 3758 demum
1321 3682 1554 3779 rufescentia,

163 3823 321 3926 margine
345 3823 542 3901 obscurius
564 3824 752 3903 colorato:
780 3846 896 3899 nervo
917 3815 1063 3914 valido,
1086 3817 1126 3893 in
1150 3819 1343 3920 cuspidem
1367 3820 1553 3921 elongato,

159 3959 390 4063 ferrugineo:
416 3960 561 4040 cellulis
584 3957 837 4039 subrotundis.
891 3959 1019 4033 Flores
1043 3956 1178 4054 dioeci,
1212 3953 1416 4054 discoides,
1440 3955 1555 4032 cincti

156 4094 302 4203 aliquot
319 4098 423 4176 foliis
447 4097 605 4177 caulinis
637 4097 774 4204 patulis
800 4095 842 4172 in
868 4090 1057 4182 masculo,
1086 4090 1335 4171 erectiusculis
1361 4093 1400 4169 in
1421 4091 1554 4186 foemi-¹

340 4235 415 4296 Τὼ.
435 4235 523 4300 CCL·
