3750 5264
410 1207 679 1289 HYPNUM
711 1213 1123 1298 FREYCINETI.

560 1382 653 1461 Tab.
681 1387 923 1482 CCLXXIX.
947 1392 984 1472 h.

122 1588 234 1653 ΜΗ
266 1585 456 1662 ascendens
488 1588 658 1688 simplex,
689 1593 791 1671 foliis
813 1597 1021 1699 patentibus
1048 1593 1219 1694 oblongis
1246 1591 1461 1664 acuminatis

165 1707 334 1828 obliquis
355 1722 566 1823 marginatis
591 1729 866 1829 ruptinervibus
892 1729 1147 1834 integerrimis.

123 1864 221 1955 nium
250 1897 480 1993 giganteum,
500 1846 602 1969 caule
624 1873 786 2001 simplici
810 1903 968 2004 praealto
991 1903 1130 1996 (4-6
1152 1896 1257 1997 poll.)
1280 1893 1384 1968 foliis·
1402 1921 1462 1992 pa·

169 2027 334 2133 tennitas
349 2027 486 2110 oratis:
511 2033 763 2113 terminalibus
782 2038 944 2114 stellatis.
971 2033 1280 2135 Schwaegrichen
1295 2030 1335 2104 in
1351 2028 1463 2130 Frey·

174 2148 285 2241 eittet
301 2162 388 2240 ltin.
412 2189 481 2269 per
506 2167 636 2244 orbem
668 2198 698 2248 1.
719 2202 756 2275 p.
772 2200 858 2268 ⁹27·

123 2305 281 2405 llssssulis
311 2330 634 2413 Sandwicensibut
666 2339 727 2418 alt.
762 2345 854 2415 5-
871 2347 956 2416 loo.
992 2342 1120 2440 hexap.
1142 2337 1232 2437 legit
1257 2335 1303 2410 el.
1326 2328 1464 2407 Gandi-

187 2455 308 2545 thaud.
336 2494 383 2568 zp-

244 2635 398 2711 Habitus
421 2635 548 2736 aliquo
563 2636 679 2714 modo
696 2639 1033 2744 hypnioer'cularis.
1069 2645 1190 2717 caulis
1205 2637 1465 2737 spithamaeus,
1578 2667 1583 2676 ·

128 2758 291 2870 Ueien,
323 2771 497 2871 simplex,
528 2772 630 2849 foliis
661 2797 697 2851 et
722 2779 827 2854 basin
857 2806 984 2857 versus
1009 2780 1120 2854 etiam
1145 2770 1316 2848 radiculis
1338 2781 1464 2844 tectus

125 2872 297 2985 Qnrecto
321 2907 456 3009 angulo
481 2910 662 3009 patentia,
688 2910 820 3010 densa3
848 2916 1029 3016 oblonga,
1054 2914 1093 2986 in
1114 2936 1268 2985 acumen
1292 2900 1463 3001 sextuplo

124 2998 228 3117 btltins
249 3072 357 3146 quam
384 3044 517 3119 solium
540 3045 725 3147 reliquum
749 3069 953 3147 attenuata,
986 3069 1137 3152 propter
1163 3044 1268 3120 basin
1291 3042 1466 3139 inaequa-

124 3133 352 3284 kmollique,
400 3179 566 3281 margine
602 3208 723 3258 crasso
762 3207 799 3261 et
832 3187 929 3281 lato,
980 3181 1236 3282 integerrimo,
1283 3175 1467 3250 undulato

124 3288 218 3412 lucta,
244 3343 397 3394 amoene
421 3315 574 3392 viridia:
619 3345 734 3396 nervo
763 3347 906 3415 crasso,
938 3342 1022 3395 ante
1048 3320 1192 3420 apicem
1216 3328 1466 3399 evanescente,

124 3451 284 3530 fonction:
317 3452 462 3532 cellulis
486 3441 703 3554 hexagonis,
733 3455 952 3532 basilaribus
972 3455 1134 3554 paullum
1155 3449 1341 3552 elongatis.

240 3623 393 3700 Muscus
421 3628 467 3702 de
492 3627 599 3702 cuins
622 3651 755 3727 genere
779 3623 942 3700 dubitari
966 3643 1106 3724 potest,
1130 3622 1306 3697 foliorum
1324 3612 1467 3690 cellulis

125 3751 209 3859 lulis,
226 3762 403 3837 loliorum
428 3764 549 3836 forma
573 3761 764 3861 irregulari
788 3761 913 3861 potins
938 3756 1117 3856 Necleris
1143 3756 1283 3830 similis.
1318 3750 1469 3825 Maneat

125 3913 177 3972 tter
196 3897 348 4002 Hypna‚
378 3923 497 4000 nsque
522 3896 612 3973 dum
632 3899 772 3973 fructus
792 3897 1034 3974 innotescant
1086 3893 1129 3968 Si
1150 3894 1210 3969 vel
1231 3887 1388 3965 maxime
1411 3909 1471 3984 ge·

125 4031 244 4109 trinum
272 4059 410 4108 nomen
441 4033 658 4111 mutandum
689 4034 753 4136 sit,
790 4031 996 4111 servabitur
1028 4051 1148 4108 tamen
1182 4026 1397 4132 specificam
1429 4019 1470 4094 in
