3750 5264
480 1091 821 1180 Hootteatt
857 1097 1331 1188 ASPLENIOIDES.

693 1247 786 1349 aaa.
814 1272 1056 1353 cccxxvi.
1080 1281 1117 1355 s.

208 1508 399 1561 sconsam
423 1483 647 1575 subramosa,
676 1479 777 1555 foliis
802 1479 973 1556 bifariam
1002 1482 1204 1562 imbricatis
1233 1487 1349 1562 oratis
1375 1493 1597 1566 mucronatis

311 1619 592 1725 subbinervibus
616 1614 826 1726 marginatis
850 1619 1004 1692 serratis.

211 1754 535 1860 Pterygophyllum
560 1755 787 1852 asplenoides
813 1752 916 1827 caule
942 1753 1211 1853 procumbente
1240 1784 1473 1858 compresso,
1509 1735 1597 1865 vage

311 1913 348 1967 et
373 1917 480 1992 parce
506 1916 673 1983 ramoso,
705 1887 804 1962 soliis
833 1886 1105 1964 subimbricatis
1131 1890 1297 1992 distichis
1325 1897 1441 1970 ovatis
1473 1899 1596 1999 apicu-

308 2028 389 2103 latis
413 2024 739 2125 spinoso-serratis
755 2022 1002 2117 subenerviis,
1024 2023 1232 2102 lateralibus
1251 2030 1508 2128 patentissimis
1523 2060 1597 2107 ma·

302 2162 453 2262 iuribus.
479 2158 581 2234 Brid.
598 2157 766 2233 mantissa
783 2183 893 2234 muso.
916 2187 950 2258 p.
967 2164 1051 2235 152.
1068 2159 1185 2256 bryol.
1203 2190 1236 2236 a.
1253 2191 1287 2261 p.
1305 2167 1411 2243 545..

169 2333 173 2336 ·
210 2302 248 2373 In
276 2296 456 2398 depressis
479 2294 643 2370 humidis
664 2293 803 2366 insulac
826 2296 1067 2371 Borhonicae.
1113 2305 1158 2379 24.

373 2435 492 2508 Catulis
511 2429 730 2520 triuncialis',
756 2428 897 2527 aliquot
919 2459 1039 2505 ramos
1056 2458 1233 2513 exserens.
1286 2441 1395 2511 Folia
1416 2437 1493 2512 sere
1512 2464 1598 2537 qua·

209 2592 288 2645 tuor
311 2587 374 2642 aut
396 2595 457 2642 sex
478 2563 672 2660 ordinum,
697 2562 895 2660 verticalia‚
921 2566 1088 2642 bifariam
1112 2567 1322 2666 imbricata,
1347 2548 1506 2647 lateralia
1533 2602 1598 2673 pa-

209 2707 362 2781 tentiora
395 2723 432 2779 et
463 2701 623 2795 maiora,
660 2699 841 2773 anteriora
876 2720 912 2774 et
938 2704 1141 2801 posteriora
1170 2704 1314 2779 minora
1347 2728 1383 2780 et
1412 2707 1598 2801 breviora,

209 2862 328 2936 ovata,
361 2840 442 2914 basi
474 2856 679 2929 attenuate,
715 2834 887 2934 apicein
918 2863 1133 2913 mucronem
1164 2840 1335 2935 brevem,
1367 2867 1475 2944 saepe
1504 2843 1598 2917 obli·

208 3004 319 3078 quum
341 2994 548 3066 contracta,
576 2971 799 3071 inaequalia,
827 2971 1072 3070 planiuscula,
1100 2976 1262 3074 margine
1279 2976 1351 3051 lato
1365 2976 1504 3072 cincta,
1526 3004 1597 3053 ser·

208 3132 296 3204 rata,
323 3135 433 3183 cana:
467 3134 580 3183 nervo
604 3107 709 3197 fisso,
737 3104 975 3181 brevissimo:
1008 3108 1150 3183 cellulis
1174 3110 1396 3211 hexagonis,
1417 3134 1459 3186 ut
1474 3113 1596 3213 itaque

207 3247 388 3320 urniorum
412 3240 545 3317 similia
560 3241 641 3315 sint.
696 3243 870 3316 Caeterae
892 3262 1009 3342 partes
1035 3242 1201 3320 desunt..
1257 3264 1261 3270 ’

368 3375 556 3452 Hoolreria
581 3379 822 3474 asplenioides
842 3375 987 3455 Arnott.
1011 3403 1155 3483 synops.
1179 3407 1291 3456 muso.
1317 3410 1352 3482 p.
1367 3386 1426 3458 56.
1451 3382 1597 3463 videtur

210 3519 354 3596 diderre
380 3544 401 3590 a
425 3513 653 3604 Brideliana,
688 3518 753 3611 qui
784 3512 822 3584 in
847 3511 961 3585 literis
985 3513 1031 3587 ad
1055 3543 1114 3591 me
1139 3536 1282 3612 monet,
1316 3515 1405 3592 huic
1437 3517 1597 3596 adscribi

209 3654 340 3730 debere
367 3649 514 3726 Maium
539 3649 739 3722 subenerve
761 3646 896 3725 Hedw.
914 3650 1032 3748 suppl.
1054 3681 1082 3724 r.
1099 3679 1135 3727 a.
1161 3673 1186 3725 t.
1207 3679 1284 3749 79„
1309 3655 1413 3756 quod
1435 3682 1523 3731 vero
1543 3661 1598 3737 nil

208 3787 304 3865 aliud
321 3813 398 3862 esse
412 3783 587 3883 cognovi,
614 3811 724 3883 quam
745 3785 922 3859 ramulum
941 3784 1153 3862 Hookeriae
1178 3815 1207 3860 s.
1222 3789 1385 3867 Leskeae
1408 3797 1595 3870 cristatae.

208 3920 332 4003 lledw.
348 3947 446 4023 spec.
461 3946 572 3993 muso.
595 3941 621 3992 t.
639 3926 700 4014 49.

368 4057 440 4109 Tan.
462 4055 638 4109 cehxxvt
654 4056 682 4107 b.
