3750 5264
296 617 402 721 Tyr.,
433 616 483 693 ad
515 617 727 693 Boelrhnrdt
756 645 810 722 pr.
837 619 987 696 Gastein
1014 621 1105 716 Sat,
1132 624 1302 721 polyseta
1328 648 1373 720 pr
1399 619 1588 720 Heiligen·

296 757 376 831 blut
401 753 450 829 ad
470 751 531 829 die
556 754 724 849 Leitern,
752 754 932 860 Mattrey,
958 772 1088 855 vegeta
1115 758 1153 832 in
1180 758 1262 858 alpe
1290 757 1528 854 Mattreyensi
1550 780 1587 833 et

297 890 553 994 Rathauslrerg
572 891 719 987 Salislt,
737 895 988 996 popmorpho
1005 889 1052 966 ad
1068 890 1269 970 Bocltstein
1286 893 1323 966 in
1341 893 1455 967 muris
1481 916 1518 969 et
1540 875 1587 968 ad

295 1025 515 1105 Nasslelden
537 1025 585 1102 ad
612 1020 758 1123 terrani,
776 1033 930 1127 gracilis
955 1027 1002 1103 ad
1021 1030 1195 1104 Gossnitz
1218 1030 1302 1126 Sal,
1319 1045 1455 1129 patens
1469 1058 1587 1132 prope

294 1163 568 1266 Heiligenblut3
591 1183 737 1241 aestate.
765 1193 809 1268 η.

344 1300 532 1401 caespites
559 1298 677 1395 densi,
697 1300 853 1376 maiores
876 1323 940 1375 aut
965 1301 1139 1378 minores.
1194 1305 1315 1378 Coralis
1340 1303 1585 1398 semuncialis,

218 1434 403 1512 morando
428 1434 656 1538 quandoque
685 1437 858 1535 uncialis,
887 1439 1060 1539 simplex,
1095 1440 1213 1513 rarius
1242 1467 1358 1513 unum
1387 1439 1586 1514 alterumve

216 1573 372 1647 ramulum
386 1596 567 1668 exserens,
590 1572 693 1675 apice
715 1600 792 1648 nno
815 1595 876 1650 aut
894 1571 1038 1674 duplici
1057 1575 1097 1650 in
1113 1577 1249 1650 tenella
1267 1578 1420 1671 ramulo,
1443 1577 1481 1648 in
1494 1601 1587 1672 gra·

219 1711 268 1781 rili
279 1734 397 1783 rursus
412 1735 480 1809 per
496 1707 751 1786 innovandum
768 1734 926 1808 ramoso,
955 1711 1180 1806 terminatus,
1206 1712 1285 1787 basi
1302 1713 1402 1787 foliis
1417 1710 1588 1785 nudatus.

220 1846 311 1919 Folia
333 1844 510 1919 inferiora
529 1845 681 1943 latiora,
705 1847 1060 1943 orato-acuminata,
1083 1847 1339 1948 integerrima,
1366 1874 1479 1924 nervo
1501 1875 1590 1948 pau·

218 1978 279 2054 lom
311 1999 538 2080 emergente,
575 1982 766 2082 superiora
807 1983 1231 2084 oblongo-lanceolata
1273 2006 1336 2060 aut
1375 1982 1589 2076 lanceolata,

220 2115 365 2214 dentata,
398 2116 577 2210 carinata,
608 2116 749 2218 rigida,
792 2139 932 2217 crecta,
963 2146 1123 2196 amoene
1156 2119 1308 2196 viridia:
1342 2145 1457 2196 nervo
1494 2118 1590 2192 rufe·

201 2271 338 2347 ,stente,
358 2250 407 2327 ad
429 2253 571 2350 apicem
598 2254 840 2356 perdurante:
862 2256 1008 2333 cellulis
1031 2253 1297 2356 subquadratis.
1352 2257 1483 2333 Floras
1508 2253 1589 2327 her-

219 2386 435 2491 maphroditi‚
462 2391 588 2492 quales
609 2391 728 2492 pinxit
750 2390 968 2493 lledwigius
994 2393 1095 2492 stirp.
1123 2414 1239 2497 crypt
1269 2420 1299 2467 r.
1315 2393 1340 2468 Ι.
1369 2396 1403 2468 4.
1429 2393 1469 2466 in
1495 2388 1590 2465 We-

220 2524 288 2601 btrt
316 2539 493 2625 πωπω
533 2528 677 2605 scilieet
714 2528 889 2605 antherae
928 2530 1148 2631 plerumque
1189 2528 1319 2625 binae,
1353 2546 1591 2630 apponuntur

220 2659 279 2737 lesi
300 2663 435 2764 singuli
461 2662 545 2738 lolii
572 2664 732 2762 externi,
766 2664 874 2740 etita
901 2662 1159 2741 discernuntur
1182 2695 1203 2741 a
1229 2666 1396 2767 pistillis,
1425 2662 1591 2738 medium

221 2795 323 2875 lotum
356 2798 580 2900 receptaculi
609 2800 688 2877 sine
719 2800 798 2878 ullo
834 2802 926 2878 folio
958 2801 1234 2902 occupantibus.
1288 2805 1399 2879 Folia
1423 2802 1592 2895 calycina

223 2936 431 3012 aulicorum
462 2935 614 3035 similia,
646 2939 767 3040 prima
796 2959 912 3014 aetate
947 2939 1062 3040 duplo
1094 2938 1257 3036 minora,
1291 2937 1482 3038 paullatim
1510 2959 1594 3032 pro·

222 3067 355 3173 longara.
392 3075 585 3152 Aetherea
614 3074 808 3176 copiosae,
839 3074 1276 3172 oborato-cylindricae,
1305 3074 1498 3165 curvulae‚
1532 3073 1593 3142 fla·

221 3230 397 3288 terrentes.
434 3214 580 3286 Parma
605 3222 771 3313 copiosa,
796 3213 912 3288 fusca.
961 3213 1198 3309 Poroplryses
1223 3210 1355 3287 nullae.
1402 3209 1593 3306 Voginula

222 3366 456 3443 orato-teres,
487 3349 709 3449 ferruginea.
762 3353 988 3425 Peduncnlus
1021 3346 1176 3423 uncialis
1207 3367 1372 3442 erectus,
1403 3342 1508 3443 apice
1541 3341 1596 3413 iu·

220 3480 400 3558 derasam
432 3504 617 3582 arcuatus,
649 3485 765 3561 rufus.
818 3489 982 3584 Copsnln
1011 3483 1267 3580 horizontalis,
1295 3480 1430 3558 deinde
1455 3497 1597 3568 nutans,

219 3613 354 3695 &mum
379 3619 562 3722 pendula,
589 3620 748 3724 oblongo
774 3622 1006 3727 pyrifermis,
1034 3641 1138 3722 parte
1161 3620 1363 3695 seminibus
1386 3641 1499 3692 vacua
1517 3612 1598 3684 bre·

215 3749 305 3833 tiore
334 3783 450 3858 vam
468 3756 700 3834 seminifera:
728 3759 875 3835 orificio
899 3779 1109 3853 contracta,
1132 3753 1338 3831 rulobadia.
1387 3749 1599 3827 Peristomii

210 3898 344 3967 aaran·
370 3897 495 3968 dentes
519 3895 885 3995 lineari-lanceolati,
912 3893 1146 3974 transversim
1169 3890 1311 3986 sulcati,
1333 3916 1462 3990 parum
1494 3887 1600 3960 relle-

208 4026 311 4130 xiles,
338 4031 566 4133 ferruginei:
593 4035 732 4108 interni
753 4037 973 4112 membrana
993 4032 1111 4127 lutea;
1134 4033 1259 4104 dentes
1281 4023 1601 4101 lineari-lanceo-
