3750 5264
480 1101 757 1194 MEESIA
807 1108 1149 1226 DEMISSA.

611 1287 718 1371 ch.
758 1289 1031 1372 CCXXXIII.

151 1510 384 1587 &pompm
409 1506 568 1610 duplex:
588 1511 760 1586 dentibus
784 1509 968 1602 sedecim
994 1513 1152 1587 extemis
1175 1510 1428 1604 brevioribus,
1452 1511 1507 1579 in·

229 1649 337 1721 semes
360 1669 476 1744 opere
498 1644 694 1720 reticulato
720 1645 898 1720 connatis.

247 1785 373 1858 Flores
392 1779 623 1877 terminales,
650 1780 816 1881 globosi,
842 1781 963 1858 dioeci
991 1784 1051 1857 vel
1076 1781 1383 1884 hermaphroditi.

157 1933 255 1991 imis
272 1917 380 1992 caule
389 1916 505 2008 brevi,
518 1915 620 1993 soliis
630 1916 745 1994 ovatis
753 1916 964 2016 suspiciatis,
991 1919 1138 2019 capsula
1145 1914 1511 2018 pendulainaequali.

190 2048 313 2129 lieesia
345 2056 528 2149 demissa,
556 2053 661 2129 caule
690 2079 857 2153 ramoso,
895 2053 995 2129 foliis
1027 2054 1216 2156 oblongis,
1242 2053 1390 2154 capsula
1422 2076 1512 2150 pen·
1617 2140 1622 2146 Ι

232 2184 311 2262 dula
334 2187 551 2293 pyriformi‚
583 2191 761 2289 operculo
781 2189 1339 2291 hemisphaerico-umhonato.
1377 2187 1511 2263 Hosn-

230 2321 367 2400 schuch
389 2345 426 2400 et
451 2323 581 2425 Hopp.
607 2323 753 2426 ephem.
774 2326 852 2400 bot.
874 2325 1011 2400 Rsiish.
1040 2332 1149 2424 1819,
1180 2356 1212 2405 1.
1234 2355 1271 2428 p.
1305 2329 1385 2402 soii.

194 2453 307 2560 Bryum
328 2463 540 2557 demissum,
559 2462 665 2537 caule
689 2461 863 2562 perbrevi
887 2489 1056 2558 ramoso,
1079 2462 1178 2537 soliis
1205 2463 1320 2539 ovatis
1345 2458 1511 2561 cuspida-

230 2595 510 2673 tc·eeuminatis
544 2597 766 2694 reticulatis,
803 2625 918 2674 nervo
962 2620 1199 2694 excurrente,
1240 2621 1317 2674 seta
1351 2619 1511 2689 arcuata,

228 2735 363 2832 capsuia
384 2733 763 2838 curvato-pyriformi
787 2733 961 2834 pendula.
989 2736 1112 2810 Hook.
1141 2763 1253 2811 musc
1276 2755 1373 2810 exot.
1397 2754 1423 2806 t.
1449 2757 1509 2827 99.

229 2868 383 2946 Grcvil'le
407 2873 488 2946 flor.
508 2870 609 2944 Scot„
631 2889 749 2971 crypt.
776 2870 864 2945 fasc.
896 2875 952 2942 15.
976 2888 1000 2944 t.
1024 2896 1087 2966 92.

195 2993 304 3104 Bryum
331 3010 524 3083 cervulum
537 3004 725 3080 Schleich.
749 3005 832 3080 MS.
852 3002 1035 3080 'limmiac
1052 3034 1140 3083 nov.
1152 3033 1206 3108 sp.
1225 3003 1408 3083 Schmidt.
1425 3001 1508 3078 MS.

231 3163 266 3214 ex
296 3140 484 3218 Hookero.

192 3262 370 3376 Inalpibus
384 3278 546 3380 Tyrolis‚
568 3275 768 3380 Mattreyer
783 3276 932 3354 Tauern
949 3301 985 3355 et
1001 3279 1321 3376 Tauschniizaipe‚
1349 3278 1387 3351 iu
1405 3277 1510 3374 apice

230 3414 360 3487 montis
393 3413 533 3493 Cenisii
563 3440 677 3512 7⁰00·
714 3413 830 3514 pedes
864 3415 1024 3506 elevato,
1058 3436 1093 3489 et
1127 3416 1166 3488 in
1185 3415 1380 3492 ,cacumine
1416 3414 1509 3514 alpis

229 3545 451 3649 Wingefieid
488 3548 668 3649 Opdaliac
713 3549 753 3623 in
794 3549 989 3650 Norwegis
1016 3554 1237 3652 transalpina
1265 3580 1332 3628 uec
1365 3580 1439 3626 non
1471 3554 1511 3627 in

228 3681 370 3761 Scotiae
394 3683 648 3762 Breadaibeue
672 3689 712 3763 in
733 3707 859 3762 monte
886 3687 1209 3788 Craig-Hallach,
1222 3709 1354 3764 aestate
1380 3691 1512 3764 lectam

229 3817 309 3896 vidi.
334 3846 382 3922 η.

277 3960 461 4057 (hospites
493 3956 634 4062 exigui,
664 3957 793 4053 densi,
819 3959 971 4036 inferius
1006 3961 1211 4037 tomentosi.
1267 3965 1393 4037 Ocules
1422 3958 1511 4031 duas

151 4098 242 4164 tresve
261 4115 323 4167 aut
339 4118 498 4194 quatuor
518 4096 634 4170 lineas
659 4095 774 4196 longi,
801 4098 998 4197 simplices,
1027 4101 1161 4174 ramosi
1176 4099 1298 4193 abasi,
1327 4120 1388 4172 aus
1409 4098 1511 4170 fasci-

296 4231 369 4288 st.
389 4232 583 4294 ccxxxm.
