3750 5264
486 958 974 1050 PTEROGONIUM
1011 962 1289 1050 DENSUM.

685 1145 789 1229 Tab.
815 1148 1031 1231 CCXLIII.
1057 1149 1097 1232 b.

231 1389 470 1449 msocorsmrt
493 1392 707 1464 comosum,
739 1368 838 1444 foliis
865 1370 996 1471 sparsis
1019 1369 1381 1447 ovato-acuminatis
1407 1376 1587 1474 ruptinet··

304 1510 401 1586 tibus
428 1504 562 1582 strictis
587 1506 720 1604 erosis,
739 1504 887 1606 capsula
912 1504 1109 1601 immersa,
1142 1510 1300 1610 calyptra
1323 1513 1586 1611 campanulata.

267 1642 422 1750 Hypnum
453 1646 606 1717 densum
645 1641 782 1720 Swortz
812 1641 942 1742 prodr.
968 1670 1003 1744 p.
1036 1648 1118 1716 141.
1152 1642 1252 1718 Flor.
1287 1642 1370 1722 Ind.
1404 1647 1520 1721 occid.
1553 1653 1588 1752 5Ι

303 1808 335 1883 p.
363 1786 475 1876 1829.
498 1779 644 1855 excluso
671 1803 876 1881 synonymo
902 1776 1085 1872 Dillenii,
1113 1776 1217 1880 quod
1238 1777 1283 1851 ad
1310 1781 1587 1857 Astrodoutium

305 1920 528 1992 mauriense
552 1913 689 1990 referre
713 1913 841 1990 solent„
866 1911 992 1992 Hedw.
1016 1940 1117 2014 spec.
1143 1927 1256 1987 muse.
1283 1946 1318 2014 p.
1348 1922 1427 1993 252.
1450 1940 1473 1995 t.
1503 1927 1561 2014 74.

268 2051 481 2127 Lectum-est
499 2052 538 2124 in
563 2048 752 2124 montibus
775 2049 955 2126 coeruleis
979 2047 1159 2124 lamaicae
1178 2050 1375 2127 australisa
1395 2053 1589 2153 swartzio,

173 2168 177 2265 l
305 2188 437 2264 minori
463 2207 597 2261 statura
629 2184 669 2259 in
695 2185 813 2260 insula
840 2183 1093 2260 Martinicensi
1123 2184 1300 2284 Sieber03
1330 2194 1368 2264 in
1393 2190 1590 2267 Brasiliaa

303 2323 419 2419 Sello,
441 2325 612 2402 mittente
636 2321 693 2397 Pr.
714 2318 1011 2396 Hornscbucbio.
1037 2340 1082 2415 ap.

354 2461 482 2536 arulis
512 2458 709 2561 primarius
738 2482 888 2557 repens,
931 2455 1021 2531 rami
1050 2455 1281 2553 triuncirles,
1312 2461 1416 2560 apice
1450 2464 1594 2563 aliquot

236 2614 321 2671 rrtnos
354 2622 468 2697 vagos
503 2614 707 2673 exserentes
741 2593 781 2666 in
814 2592 1038 2670 Swattziano
1080 2594 1302 2692 specimine,
1344 2601 1477 2692 erecti,
1514 2601 1592 2673 basi

236 2725 355 2832 aphytli,
387 2733 494 2834 apice
522 2731 629 2807 ramis
657 2728 954 2830 simpliciusculis
983 2726 1158 2804 confertis
1181 2731 1351 2827 alternis,
1383 2733 1422 2806 in
1445 2761 1593 2810 comam

173 2840 176 2883 f
234 2863 518 2970 mltompressam
538 2866 724 2969 dispositis
751 2868 790 2939 in
816 2864 969 2940 caeteris
993 2862 1268 2965 speciminibus.
1321 2871 1429 2944 Folia
1455 2897 1592 2970 sparsa,

234 3004 454 3105 erectiuscula,
481 3003 818 3082 ovato-lanceolata
834 3002 1051 3103 (lanceolata
1068 3000 1271 3076 acuminata
1285 3004 1324 3077 in
1338 3006 1592 3106 Swartz‘iano),

232 3158 373 3237 concava,
400 3168 526 3244 grosse
551 3157 696 3236 serrata,
722 3138 827 3241 plicis
841 3137 939 3213 binis
964 3165 1088 3215 versus
1106 3136 1252 3237 apicem
1276 3142 1593 3236 evanescentibus,

228 3273 408 3376 pellucida,
439 3273 761 3356 luteo-virentia:
801 3301 917 3353 nervo
940 3274 1063 3370 tenui,
1096 3276 1333 3374 flavescente,
1368 3303 1495 3354 versus
1520 3279 1597 3378 api·

225 3432 285 3482 cetu
316 3438 555 3493 evanescente
585 3422 688 3514 (num
709 3409 748 3485 in
771 3412 1005 3491 Swartzianis
1028 3409 1075 3485 ad
1097 3409 1239 3510 apicem
1262 3440 1379 3514 usque
1406 3413 1595 3514 perduret,

221 3540 399 3624 surr-azius
441 3580 518 3630 non
557 3549 667 3644 dixit,
707 3573 827 3648 neque
866 3549 946 3649 ipse
977 3550 1122 3625 efficere
1162 3571 1335 3648 possum,
1372 3549 1421 3623 ob
1458 3551 1596 3624 fractos

217 3682 370 3761 omnium
385 3690 543 3787 apices)a
569 3682 709 3764 cellulis
725 3681 905 3785 oblo'ngis,
933 3683 1151 3760 basilaribus
1168 3684 1438 3786 subquadratis.
1466 3691 1597 3761 Florer

212 3822 447 3917 probabiliter
464 3824 604 3902 dioeci:
629 3824 778 3897 masculi
799 3818 943 3899 desum.
994 3822 1166 3899 Femina·
1187 3819 1225 3892 in
1254 3822 1403 3897 ramulis
1431 3822 1596 3921 oblongi,

208 3983 292 4034 mox
321 3959 498 4057 subulati,
534 3958 764 4060 receptaculo
790 3985 931 4056 crasso,
965 3983 1142 4056 carnoso,
1174 3955 1262 4031 folia
1298 3956 1596 4035 ovato-acumi-

373 4099 445 4158 ‘rab-
464 4096 673 4158 cch111.b.
