3750 5264
543 1124 1184 1218 LEPTOSTOMUM.

759 1294 980 1380 Tab.212.

238 1487 329 1563 nob.
348 1485 498 1562 Brown.
521 1481 656 1563 Hedrr.
678 1488 797 1588 suppl.
819 1488 850 1562 l.
876 1513 910 1560 a.
927 1515 963 1585 p.
988 1489 1075 1561 546.
1102 1483 1221 1584 suppl.
1248 1507 1282 1556 a.
1316 1510 1348 1560 1.
1373 1511 1408 1584 p.
1434 1509 1495 1563 aa.

233 1621 741 1721 Peristomium‘simplex,
765 1623 1096 1715 membranaceum,
1121 1618 1468 1721 hemisphaerium,
1497 1617 1559 1699 des¹

279 1782 381 1831 mum
405 1758 592 1852 annulare,
612 1757 851 1853 subdivisum,
867 1783 886 1831 e
902 1758 1113 1832 membrana
1130 1754 1302 1831 interiore
1319 1778 1452 1832 ortum.

511 1896 674 1971 Floras
696 1891 989 1990 gemmilormes,
1022 1890 1229 1968 terminales

517 2031 745 2125 C'alyptra
769 2026 959 2125 rubutara,
988 2027 1098 2102 latere
1118 2026 1215 2100 fissa.

332 2162 544 2240 Peristomii
577 2181 755 2238 structura
779 2165 942 2237 maxime
974 2156 1115 2236 recedit
1146 2187 1167 2235 a
1193 2160 1384 2237 communi
1419 2159 1563 2259 habitu.

207 2297 362 2398 reperitur
380 2319 503 2374 tamen
519 2297 640 2372 simile
654 2295 745 2398 quid
763 2297 802 2369 in
823 2295 1090 2397 Brachymeoio
1114 2316 1150 2370 et
1171 2294 1429 2391 astronomia,
1452 2295 1563 2370 etiam

213 2433 312 2530 quoad
336 2410 568 2508 divisionem.
596 2432 762 2531 Cingitur
786 2457 872 2506 vero
894 2433 935 2504 iu
958 2430 1015 2505 his
1035 2430 1290 2532 peristomium
1317 2429 1490 2505 annulare
1516 2431 1562 2505 ab

216 2561 306 2641 rltero
319 2589 471 2643 externo
483 2567 644 2662 dentato,
665 2587 701 2641 et
719 2565 880 2664 dupiicia
894 2566 948 2639 ibi
965 2566 1079 2640 babes
1100 2565 1322 2666 peristomia.
1347 2565 1566 2640 Membrana

218 2693 331 2776 interna
354 2705 494 2779 fructus
514 2704 610 2776 sistit
636 2727 773 2800 corpus
795 2703 981 2777 semiteres
1003 2722 1066 2776 aut
1086 2723 1202 2799 teres,
1231 2699 1380 2800 capsula
1407 2675 1576 2775 dimidio¹

219 2836 372 2931 ugasam
394 2858 431 2934 et
454 2837 620 2930 brevius,
654 2835 701 2910 ad
726 2835 830 2910 basin
859 2836 1074 2911 columellae
1094 2863 1225 2937 parum
1256 2834 1383 2928 latins,
1407 2833 1568 2936 spatium

221 2978 313 3044 leuen
344 2973 527 3048 sufficiens
550 2970 803 3047 administrans
823 2997 894 3070 pro
921 2971 1145 3069 seminibus,
1181 2971 1267 3074 quia
1305 2968 1397 3044 haec
1426 2968 1570 3044 minuta

223 3118 301 3202 sunt3
338 3108 505 3207 superius
547 3106 595 3181 ad
633 3106 797 3206 capsulae
839 3106 1024 3181 orificium
1062 3125 1309 3199 coarctatum,
1347 3103 1568 3180 columellae
1649 3183 1653 3189 ,

224 3255 293 3314 arete
321 3269 535 3342 oppressum
567 3267 718 3340 eamque
748 3240 957 3320 investiens.
1010 3238 1214 3315 Columella
1246 3258 1300 3312 cst
1321 3237 1567 3335 teretiuscula,

225 3377 490 3471 membranacea,
511 3377 617 3478 plicis
640 3396 796 3476 quatuor
832 3374 1110 3450 decurrentibus
1146 3392 1285 3467 notata,
1312 3393 1355 3445 ut
1381 3374 1471 3446 alata
1492 3373 1570 3448 lere

227 3500 379 3608 rideatur,
406 3512 503 3585 iufra
534 3511 674 3613 apicem
704 3512 827 3610 paullo
859 3531 1063 3604 contracta,
1098 3509 1201 3608 apice
1225 3507 1263 3579 iu
1289 3507 1490 3608 capitulum
1515 3507 1572 3580 in-

228 3634 300 3740 flata,
330 3674 375 3722 ex
401 3646 545 3722 orificio
570 3646 737 3745 capsulae
760 3647 984 3748 prominens.
1034 3642 1252 3721 Membrana
1278 3641 1419 3716 interna
1450 3642 1573 3742 itaque

230 3792 345 3855 taceam
369 3782 539 3879 exbibet,
563 3782 640 3856 basi
661 3781 875 3878 flaccidum,
902 3778 1099 3855 seminibus
1125 3777 1295 3876 plenum,
1325 3777 1466 3877 apicem
1488 3803 1577 3852 ver-

232 3925 273 3979 fiut
296 3938 516 3990 coarctatum
557 3937 592 3991 et
629 3916 842 3991 columellae
877 3915 977 3989 collo
1016 3932 1053 3986 et
1085 3913 1249 4010 capitulo
1291 3937 1504 4011 oppressum
1536 3911 1576 3984 in

234 4032 445 4143 Leptostomo
471 4056 661 4128 Menziesii
683 4074 719 4127 et
739 4054 954 4139 inclinante,
976 4048 1096 4121 minus
1123 4072 1335 4145 oppressum
1356 4047 1394 4118 in
1419 4046 1578 4145 capitulo

237 4166 266 4242 L·
284 4191 395 4263 erecti.
449 4188 643 4290 Rumpitur
672 4186 820 4266 tandem
843 4186 905 4261 hic
937 4209 1059 4258 saccus
1091 4181 1130 4252 in
1156 4182 1344 4255 cantamine
1364 4180 1579 4255 columellae
