3750 5264
214 632 352 708 dissidio
384 632 617 735 longioribus
646 660 760 736 quam
795 634 1010 733 latioribus,
1042 631 1181 737 pallido
1214 635 1460 711 flavescentes.
1514 643 1584 712 Fe·

213 773 309 843 maizei
329 772 443 867 floria
457 770 561 867 solcis
591 770 746 849 caulinis
780 770 935 870 similia,
963 769 1092 845 intima
1120 769 1263 846 minora
1293 791 1330 846 et
1362 773 1584 870 angustiora.

210 909 340 982 Pusillo
366 906 591 1008 ferruginea,
618 908 768 1008 gracilia
790 929 827 985 et
840 909 1077 1008 puroplryses
1102 905 1249 1006 triginta
1274 927 1338 982 aut
1361 906 1478 1006 plura.
1509 891 1589 985 Vo-

207 1045 319 1141 pt'nulo
342 1041 647 1147 oblongo-teres,
672 1043 817 1145 pistillis
844 1065 881 1118 et
907 1041 1173 1146 paraphysibus
1198 1041 1365 1141 undique
1388 1062 1496 1139 tecta,
1517 1045 1589 1119 ser·

210 1177 350 1277 ruginea.
401 1179 632 1256 Pedwrortlus
653 1180 806 1255 uncialis
828 1196 990 1271 erectus,
1015 1179 1119 1279 apice
1142 1178 1319 1274 inflexus,
1344 1177 1587 1278 ferrugineus.

211 1314 358 1410 capula
379 1313 564 1416 pendula,
596 1335 720 1408 ovata,
753 1313 935 1415 aequalis,
961 1313 1108 1388 sulcata.
1162 1315 1423 1389 Peristomium
1447 1314 1587 1391 laesum

210 1468 292 1534 erat,
316 1447 382 1523 sea
402 1449 578 1526 convenit
602 1448 817 1526 membrana
842 1447 1027 1543 basilaris,
1057 1447 1185 1524 dentes
1216 1449 1356 1524 externi
1379 1469 1415 1524 et
1442 1452 1586 1526 residua

212 1607 281 1680 pars
318 1583 521 1684 peristomii
559 1584 708 1661 interni.
763 1587 985 1683 Operoulum
1021 1582 1136 1664 deest.
1190 1586 1371 1683 Cob‘ptro
1405 1585 1586 1681 subulata,

213 1716 325 1815 laetis,
348 1717 491 1814 virens,
515 1719 622 1820 apice
647 1721 763 1800 lusco.

348 1854 490 1930 Similis
515 1855 559 1931 Β.
580 1857 750 1951 scamno
776 1874 832 1930 est
854 1853 975 1929 minus
1000 1877 1143 1929 ramosa
1169 1874 1206 1931 et
1226 1856 1372 1957 capsula
1402 1856 1586 1958 inaequali

218 2010 332 2085 erecta,
351 1988 525 2092 foliisque
546 1989 780 2084 acuminatis,
806 2015 882 2065 non
909 1986 1119 2092 cuspidatis.

258 2123 341 2201 Tan.
365 2124 636 2207 ccxxxvu.
658 2127 722 2226 fig.
752 2151 786 2200 1.
812 2125 959 2225 plantae
984 2122 1178 2222 femineae,
1201 2154 1347 2204 ramoso
1369 2151 1405 2205 et
1426 2130 1587 2228 simplici

299 2261 413 2355 caule,
442 2287 476 2336 a.
501 2261 684 2337 masculae
707 2286 800 2362 apex
823 2260 979 2335 naturali
1002 2258 1266 2360 magnitudine.
1288 2263 1352 2363 fig.
1381 2266 1416 2340 5.
1441 2263 1587 2363 plantae

304 2397 482 2473 masculae
512 2396 702 2471 summitas
728 2414 833 2472 aucta
857 2393 928 2472 bis.
960 2396 1024 2495 fig.
1052 2403 1089 2483 4.
1120 2395 1255 2473 lolium
1278 2397 1411 2493 caulis,
1440 2420 1587 2476 auctum

300 2551 434 2630 quater.
465 2533 528 2630 lig.
565 2536 600 2610 5.
630 2529 750 2628 basis,
782 2535 818 2606 6.
846 2557 937 2632 apex
966 2530 1049 2607 lolii
1079 2531 1177 2608 aucti
1208 2533 1322 2630 pales.
1353 2535 1415 2633 fig.
1454 2562 1488 2631 7.
1517 2537 1585 2608 flos

299 2667 477 2743 masculus
509 2665 742 2768 asnperiore
774 2665 864 2741 facie
900 2685 1141 2768 conspectus,
1175 2687 1219 2742 ut
1251 2687 1446 2744 cernantur
1476 2669 1587 2745 folio·

300 2829 377 2877 rum
400 2801 625 2905 positiones,
654 2805 688 2885 8.
719 2800 798 2878 eius
823 2802 954 2878 folium
975 2821 1081 2879 aucta
1103 2823 1243 2902 quater.
1271 2807 1336 2906 fig.
1363 2830 1401 2903 9.
1435 2804 1586 2881 anthera

299 2963 379 3012 cum
406 2936 607 3040 panephysi
647 2956 756 3014 ancta
785 2935 959 3018 sedecies.
997 2938 1058 3037 fig.
1088 2962 1145 3011 ro.
1176 2940 1345 3039 vaginnla
1376 2967 1463 3017 cum
1491 2940 1584 3016 folio

298 3067 484 3151 adiacente
498 3071 641 3151 intimo.
662 3072 727 3171 fig.
752 3096 809 3146 ιι.
834 3073 994 3172 capsula,
1022 3099 1078 3146 ra.
1102 3073 1264 3176 calyptra
1278 3077 1434 3175 novella,
1455 3096 1582 3153 auctae

301 3229 434 3307 quater.
460 3210 526 3312 fig.
557 3213 616 3290 15.
635 3206 844 3311 peristomii
868 3207 1045 3289 destructi
1070 3233 1156 3309 pars
1177 3231 1280 3287 aucta
1307 3214 1419 3312 paies.
