3750 5264
512 1028 893 1119 sternatur
928 1029 1258 1113 scorsum.

726 1158 829 1292 aab.
860 1211 1037 1295 cextr.
1106 1201 1109 1206 ‘

221 1456 404 1510 curnam
424 1436 530 1512 caule
563 1435 773 1537 longissime
799 1453 1006 1507 tomentoso
1029 1431 1274 1530 subpinuat03
1302 1431 1493 1509 fructifero
1519 1438 1577 1512 fa-

298 1570 491 1667 sciculam,
517 1572 618 1650 foliis
646 1565 992 1648 ovato-lanceolatis
1016 1567 1231 1640 acuminatis
1257 1565 1409 1666 striatis,
1435 1576 1582 1672 capsula

296 1725 406 1782 (mli.

254 1839 290 1914 lu
309 1841 427 1914 insula
451 1840 704 1921 Martinicensi
729 1840 819 1940 legit
842 1839 888 1914 G.
915 1837 1067 1943 Sieber3
1085 1865 1132 1940 η.

345 1978 498 2071 mear,
544 1979 647 2054 laxos
682 1977 749 2056 sed
789 1974 969 2049 maximos
1011 1972 1209 2075 caespites,
1260 1975 1499 2074 probabiliter
1540 1984 1578 2058 iu

214 2113 358 2210 spumis,
393 2112 680 2209 constituentes,
716 2109 958 2213 spithamaei‚
991 2109 1131 2185 steriles
1162 2109 1225 2183 hic
1259 2111 1336 2185 illic
1369 2120 1579 2217 tomentosi,

211 2245 374 2350 simplices
399 2268 465 2323 aut
489 2249 712 2350 plerumque
735 2247 835 2342 basi,
862 2265 924 2319 aut
943 2245 1038 2319 infra
1066 2246 1208 2346 apicem
1227 2249 1342 2322 semel
1366 2247 1496 2350 divisi,
1527 2282 1581 2329 ra.

209 2382 299 2456 ntulit
341 2384 630 2458 semuncialibus
673 2404 736 2458 aut
777 2380 1031 2475 brevioribus,
1078 2383 1411 2480 patenti-recurvis
1435 2388 1579 2474 obsiti:

208 2512 368 2595 fructiferi
394 2517 600 2614 breviores,
624 2517 829 2610 crassiores,
857 2514 959 2613 apice
986 2515 1373 2614 fasciculam-ramosi,
1399 2522 1581 2597 bi·triun-

207 2648 308 2726 adea
358 2656 473 2729 Folia
498 2655 637 2754 patula,
671 2679 715 2728 ex
744 2674 852 2729 orato
875 2652 1099 2741 lanceolata,
1126 2654 1228 2752 apice
1262 2654 1299 2726 in
1323 2654 1579 2752 longissimum

180 2807 340 2893 ,numen
367 2787 574 2890 producta,
599 2789 677 2863 basi
701 2789 873 2888 utrinque
904 2786 1045 2880 striata,
1071 2787 1314 2882 denticulata,
1339 2791 1492 2888 viridia,
1523 2822 1581 2869 ve.

209 2935 319 2997 turrate
353 2923 486 2997 badia:
519 2912 636 2999 nervo
663 2948 804 3016 crasso,
837 2922 884 2996 ad
911 2922 1052 3020 apicem
1077 2921 1318 3022 perdurante,
1346 2926 1464 3001 luteo:
1498 2929 1581 3002 cel-

145 3152 147 3170 Ι
209 3049 273 3128 lulis
301 3057 523 3155 linearibus,
557 3060 719 3133 minimis
752 3079 787 3131 et
809 3056 867 3130 vix
901 3057 1130 3156 conspicuis,
1161 3060 1420 3158 marginalibus
1450 3063 1580 3138 baseos

211 3184 329 3290 liquot
348 3194 542 3271 interdum
567 3191 832 3294 subquadratis.
885 3194 1018 3267 Floras
1040 3191 1179 3268 dioeoi:
1203 3199 1354 3269 musculi
1378 3191 1475 3271 inter
1500 3201 1580 3272 lon·

213 3318 355 3417 θ’ῑείωοο
382 3332 531 3421 caules,
561 3349 599 3404 et
619 3331 714 3403 inter
739 3328 927 3403 breviores
952 3303 1183 3420 fructiferos,
1214 3329 1453 3427 disciformes,
1479 3355 1580 3409 utro.

215 3477 269 3551 §nr
290 3464 389 3538 caule
421 3466 639 3541 crassiores:
668 3465 774 3559 folin
802 3467 947 3538 octonis
972 3484 1034 3537 aut
1063 3462 1246 3541 duodenis
1276 3468 1502 3564 patentibus,
1534 3498 1578 3543 ex
1615 3535 1617 3538 ,

215 3612 300 3670 orato
335 3599 445 3700 longe
481 3600 721 3694 acuminatis,
757 3625 871 3673 nervo
905 3600 1007 3699 apice
1048 3624 1305 3697 evanescente,
1348 3604 1425 3677 basi
1460 3625 1578 3676 erecta

216 3746 362 3822 roncare,
386 3735 608 3834 ferruginea,
632 3735 821 3833 superiore
847 3755 947 3833 parte
972 3756 1117 3834 patente
1143 3737 1392 3812 ssavo-viridi.
1445 3741 1581 3812 Anthe-

218 3881 269 3931 ΜΘ
286 3865 423 3966 triginta
444 3891 482 3945 et
506 3872 644 3972 plnres,
671 3889 812 3963 teretes,
838 3890 1025 3946 testaceae.
1077 3874 1310 3969 Parophyses
1336 3873 1579 3974 quadrantem

220 3985 376 4094 largiores
397 4028 433 4081 ct
456 4007 579 4106 duplo
601 4006 832 4109 copiosiores
859 4006 1039 4102 antheris,
1065 4007 1277 4100 filifornres,
1310 4008 1507 4106 limpidae,
1529 4038 1581 4083 ar-

353 4139 421 4197 Trb.
441 4142 574 4200 CCXLl.
