3750 5264
329 1152 838 1240 CLEISTOSTOMA
896 1155 1258 1241 AMBIGUUM.

639 1327 732 1404 Tab.
752 1327 951 1407 CCLXVI.

482 1499 652 1565 Charactcr
667 1503 828 1586 generiem
853 1504 1109 1585 (imperfectus).

155 1702 410 1795 structarum
425 1719 598 1819 simplex:
627 1718 800 1795 dentibus
822 1720 983 1798 sedecim
1003 1719 1306 1797 horizontalibua.

161 1836 343 1946 Voginala
367 1853 673 1954 hemisphaerica,
694 1857 878 1957 capsulam
898 1853 1094 1933 latitudine
1119 1879 1306 1953 superans.

165 1973 284 2067 Floret
303 1990 457 2067 feminei
481 1988 698 2066 terminales.

258 2152 416 2230 Habitus
429 2154 556 2256 Hypni
578 2154 633 2230 vel
651 2153 840 2230 Neclrcrac
858 2156 962 2233 caule
977 2157 1182 2257 bipinnat0‚
1206 2159 1354 2234 ramulis
1376 2162 1488 2260 pluri.

142 2273 377 2364 cicuribus
404 2289 592 2363 teretibus.
636 2288 739 2362 Foliu
765 2289 953 2364 imbricata
978 2312 1079 2366 ovata
1113 2311 1218 2366 acuta
1244 2292 1489 2378 sclidinervin.

148 2409 282 2510 &pulsa
300 2424 442 2503 sectiles
463 2424 502 2496 in
527 2422 631 2522 apice
651 2424 766 2496 caulis
788 2424 847 2498 vel
874 2426 1110 2499 ramulorum.

262 2559 370 2636 Licet
389 2555 556 2645 noudum
580 2555 665 2629 satis
691 2557 892 2633 innotuerit
916 2557 977 2631 hic
1003 2585 1168 2637 muscus:
1197 2587 1282 2637 eum
1307 2587 1428 2644 tamen
1452 2574 1493 2646 il·

148 2673 336 2770 llbrmdum
357 2691 524 2798 suscepi,
550 2712 589 2764 nt
606 2691 886 2767 commendetur
905 2694 1072 2767 ulteriori
1097 2694 1351 2773 botanicorum
1375 2730 1493 2780 curae.

146 2808 279 2906 flemus
302 2829 556 2906 terminalibus
582 2826 721 2902 recedit
742 2827 789 2899 ab
813 2826 941 2900 babitu
967 2826 1186 2928 hypncrum‚
1213 2832 1386 2931 parvitate
1412 2842 1496 2912 sru-

143 2968 239 3041 dnum
256 2965 302 3041 ab
330 2962 504 3040 omnibus
525 2962 669 3037 muscis.
719 2964 814 3037 Cum
836 2960 1142 3063 Syrrhopodonte
1166 2991 1250 3042 vere
1275 2994 1344 3044 nec
1368 2969 1497 3051 habitu

142 3103 192 3170 Ποῦ
214 3099 428 3203 peristomio'
461 3090 658 3192 convenit,
686 3121 771 3171 cum
802 3120 877 3198 quo
905 3121 925 3170 a
949 3094 1115 3172 Bridelio
1146 3127 1219 3176 non
1249 3101 1368 3179 visum
1399 3134 1498 3185 con·

141 3213 284 3332 largitur.
360 3218 368 3243 ¹

142 3375 393 3447 Qutrosroun
408 3369 639 3468 ambiguum.
984 3470 987 3477 Ι

181 3502 670 3599 Cleistostomn'ambiguum.
701 3498 804 3576 Brid.
822 3500 941 3604 bryol.
965 3527 995 3577 1.
1022 3530 1058 3602 p.
1081 3508 1162 3577 154.

155 3634 672 3739 -Ptcrcgoniutnambiguum
696 3634 799 3709 caule
820 3632 984 3732 pendulo
1011 3640 1182 3735 pinnato,
1209 3641 1307 3716 foliis
1334 3642 1502 3721 cbcvatis

223 3773 480 3879 unicarvibus,
511 3768 865 3871 capsuld'tcrminali
884 3770 1037 3866 globosa
1063 3772 1194 3869 aemili,
1230 3778 1405 3874 operculo
1430 3782 1505 3879 pla.

229 3907 393 3984 niusculo
424 3905 601 3983 Hcokcr.'
625 3908 714 3981 ··Act.
741 3931 815 3977 soc.
834 3903 941 3979 Linn.
984 3906 1105 3982 Lcud
1127 3905 1193 3984 IX.
1219 3936 1254 4011 p.
1276 3916 1360 3988 310.
1393 3933 1419 3986 t.
1448 3920 1505 3997 ab.

230 4043 286 4140 fig.
300 4047 335 4117 4.

290 4181 353 4253 ru.
374 4179 504 4232 cccxvr.
