3750 5264
334 584 452 666 Valde
476 587 609 665 similis
631 611 687 668 est
707 589 859 668 Pohliae
882 589 1051 687 bryoirii,
1084 614 1153 665 nee
1179 586 1298 662 minus
1320 581 1445 689 quoad
1470 577 1585 655 habi-³

213 741 271 798 tun
285 724 378 827 Bryo
404 728 630 824 ceroptata,
662 727 766 827 quod
786 726 900 802 habet
924 726 1068 802 caulem
1093 726 1370 826 longissimum,
1397 717 1488 793 folia
1506 736 1578 789 ter·

209 858 329 935 niualis
348 860 607 954 obtusissima,
638 889 754 939 nerto
779 863 828 938 ad
861 861 1034 939 ultimum
1059 867 1202 964 apicem
1230 873 1466 937 evanescente
1494 858 1575 950 qui·

211 991 289 1093 den,
312 994 379 1074 sed
401 993 578 1073 inferiora
604 998 725 1073 minus
746 999 886 1074 obtusa.

328 1131 478 1207 Praeter
501 1130 570 1206 lras
596 1132 748 1209 Pohlias
777 1135 905 1235 accepi
929 1162 972 1210 ex
995 1131 1125 1208 eadem
1144 1130 1261 1232 patria
1284 1130 1416 1227 bryum
1436 1124 1574 1219 caespi-

208 1266 320 1365 it'u'uru,
347 1265 481 1344 maiori
507 1287 544 1342 et
565 1265 718 1345 minima
741 1269 800 1345 rix
823 1271 962 1346 unciali
981 1297 1067 1345 cum
1093 1269 1216 1341 fructu
1238 1285 1393 1359 statura,
1419 1258 1572 1360 peristo-

207 1397 261 1475 nio
282 1401 432 1477 omnino
456 1402 589 1477 usitata
617 1404 738 1479 forma
760 1402 1002 1498 instructum,¹
1031 1423 1073 1477 ut
1095 1402 1143 1479 de
1169 1401 1376 1477 differentia
1398 1391 1569 1496 generice

207 1536 400 1634 arpseifica
423 1537 522 1614 inter
542 1538 691 1615 Poblias
716 1560 753 1615 et
774 1545 909 1645 Bryum
933 1542 1183 1639 caespiticium
1207 1564 1283 1610 non
1311 1533 1495 1609 dubitem·

240 1667 315 1748 Τὼ.
340 1670 569 1750 chxxH.
606 1672 668 1776 fig.
696 1704 727 1756 ι.
764 1675 884 1754 caules
929 1676 1090 1771 steriles,
1133 1700 1167 1749 a.
1192 1670 1374 1747 fructiferi
1415 1662 1568 1742 naturali

275 1807 535 1908 magnitudine.
583 1815 647 1913 fig.
674 1816 710 1889 5.
747 1838 832 1917 pars
867 1808 1011 1913 plantas
1041 1808 1272 1903 fructiferae,
1311 1830 1408 1909 pone
1436 1805 1569 1876 florem

277 1941 449 2043 utrinqne
466 1946 686 2039 innovantis,
702 1944 998 2025 innovationibus
1015 1966 1052 2019 et
1066 1943 1190 2021 fructu
1203 1943 1370 2037 resectis,
1384 1959 1488 2015 aneta
1501 1958 1567 2012 ter.

277 2078 334 2178 fig.
348 2086 386 2157 4.
410 2079 542 2156 folium
567 2084 682 2159 caulis
705 2082 887 2159 fructiferi
910 2108 954 2158 ex
977 2080 1235 2174 inferioribus,
1262 2076 1451 2155 stolium
1475 2072 1569 2148 eius·

276 2212 359 2290 dem
385 2217 500 2293 caulis
526 2243 547 2296 e
572 2217 848 2320 superioribus,
869 2222 930 2318 fig.
954 2221 990 2292 6.
1019 2216 1136 2314 basis,
1169 2242 1202 2313 7.
1232 2240 1324 2315 apex
1358 2210 1442 2287 folii
1473 2208 1567 2285 infe·

277 2348 405 2445 rioris,
440 2354 475 2424 8.
507 2351 708 2453 superioris
746 2352 845 2428 aucti
887 2352 1000 2427 teies.
1038 2355 1100 2451 fig.
1125 2379 1161 2451 9.
1188 2351 1292 2428 floris
1325 2348 1459 2424 folium
1492 2369 1567 2421 me·

274 2480 395 2582 «liunt,
421 2482 597 2587 aliudque
621 2513 666 2564 ex
688 2486 927 2564 interioribus
949 2514 1035 2562 cum
1060 2487 1279 2588 genitalibus
1299 2483 1487 2561 nonnullis
1505 2510 1567 2558 au·

276 2636 331 2695 cta
354 2640 497 2720 quater.
531 2623 594 2720 fig.
617 2650 671 2705 ιο.
697 2649 782 2723 pars
804 2622 1025 2724 receptaculi
1048 2623 1150 2699 floris
1171 2650 1258 2697 cum
1280 2620 1377 2693 binis
1392 2616 1565 2713 antherio,

276 2754 540 2857 panephysibus
569 2778 607 2834 et
634 2757 777 2859 pistillis
799 2779 903 2834 aucta
927 2759 1133 2860 quinquies.
1174 2759 1235 2858 fig.
1259 2786 1316 2837 ιι.
1348 2751 1565 2853 paraphysis

276 2890 380 2965 ancta
404 2890 575 2970 sedecies.
611 2894 1049 2995 fig.12.0aprutasueu
1072 2914 1211 2997 quater.
1247 2893 1565 2991 fig.1³.0psrcu·

276 3000 348 3098 lum
370 3046 520 3102 auctum
544 3029 754 3132 quinquies,
795 3031 859 3130 lig.
882 3035 940 3105 14.
972 3031 1098 3106 annuli
1125 3054 1227 3130 pars,
1272 3031 1329 3100 15.
1358 3021 1563 3125 peristomii

279 3161 414 3261 esteroi
438 3161 550 3259 dent,
583 3168 640 3241 16.
669 3166 876 3268 peristomii
894 3166 1030 3244 interni
1051 3194 1153 3269 pars,
1176 3182 1303 3240 auctae
1330 3157 1443 3236 56ies.

619 3567 1132 3594 n*—
