3750 5264
385 1159 632 1245 BRYUM
679 1161 1167 1246 CANARIENSE.

621 1343 724 1425 Tab.
757 1349 850 1447 214.
875 1343 915 1427 b.

106 1587 210 1650 aaron
231 1560 336 1637 caule
357 1563 573 1639 subramoso
599 1562 793 1662 mediocri,
817 1564 917 1639 foliis
940 1560 1162 1640 verticillatis
1192 1560 1364 1664 oblongis
1388 1593 1469 1642 eus

188 1695 324 1797 pidatis
366 1699 657 1774 sub-bistriatis
697 1699 941 1800 cartilagineis
981 1724 1095 1774 nervo
1134 1697 1334 1791 reticulato.
1377 1699 1469 1784 Tab.

188 1833 356 1909 CCXIV.

144 1967 273 2071 Bryum
296 1968 539 2060 dumiense,
569 1968 674 2043 caule
698 1989 820 2043 erecto
842 1966 1140 2042 innovationibus
1164 1994 1208 2043 ex
1228 1969 1332 2071 apice
1354 1976 1496 2049 contis

187 2103 303 2178 nuatis
330 2129 494 2197 ramoso,
525 2103 640 2178 sterili
671 2131 715 2178 ex
742 2103 846 2204 apice
879 2104 1096 2196 innovante,
1127 2103 1227 2179 foliis
1257 2104 1472 2185 densissime

87 2280 92 2291 -
186 2239 361 2312 confertis
389 2238 505 2313 oratis
533 2239 725 2340 spiculatis
747 2239 911 2339 margine
934 2236 1142 2332 serrulatis,
1174 2237 1304 2317 thecae
1330 2240 1472 2341 pendu-

184 2374 239 2449 lae
269 2375 552 2477 subpyriformis
580 2377 759 2476 operculo
791 2373 1044 2449 mammillato.
1069 2372 1172 2447 Brid.
1200 2376 1324 2476 suppl.
1359 2403 1472 2454 muse.

185 2516 217 2587 3.
240 2536 302 2608 29.
327 2501 504 2610 Bryotogj
532 2539 563 2586 r.
588 2537 623 2609 p.
649 2516 734 2604 672.
759 2513 875 2585 obiter
897 2511 1131 2605 descriptum.

141 2640 180 2718 ln
206 2646 335 2720 insulis
367 2644 532 2755 Canariis
567 2645 762 2722 altitudine
798 2648 1076 2720 1600-5000.
1107 2643 1246 2744 pedum
1280 2643 1327 2718 ad
1362 2669 1472 2745 rupes

184 2780 398 2882 frequenter
429 2807 451 2855 a
484 2779 647 2855 Smidtio
677 2781 929 2878 Scandinavo,
968 2779 1008 2852 in
1039 2778 1167 2853 Africa
1198 2752 1367 2872 mortno,
1403 2804 1474 2853 nec

183 2941 262 2989 non
285 2912 333 2989 ad
357 2917 478 3015 Caput
493 2916 626 2992 'bonae
649 2914 730 3018 spei
752 2917 800 2991 ab
828 2915 906 2990 aliis
927 2915 1066 2989 lectum
1089 2913 1194 2988 dedit
1219 2913 1267 2990 cl.
1294 2912 1356 2987 Pr.
1379 2910 1475 3014 Tay·

186 3048 256 3124 lor.
280 3076 323 3142 22.

236 3190 366 3279 Cnules
402 3185 441 3259 in
481 3183 619 3260 densos
652 3181 830 3282 caespites
863 3183 1069 3283 compacti,
1107 3185 1186 3258 basi
1226 3183 1475 3257 radiculorum

97 3314 262 3395 fasciculo
288 3347 408 3395 crasso
430 3320 539 3416 tecti,
572 3317 658 3392 dein
682 3317 795 3414 calvi,
827 3319 931 3418 apice
954 3320 1128 3395 foliorum
1153 3322 1261 3420 copia
1282 3315 1474 3410 instr·ucti;

96 3451 237 3531 feminei
270 3476 308 3530 et
328 3456 444 3558 magis
473 3455 585 3530 etiarn
620 3453 775 3527 masculi
806 3479 850 3527 ex
881 3457 984 3552 apice
1016 3456 1233 3531 innovantes
1265 3474 1302 3528 et
1332 3477 1475 3526 ramum

96 3613 202 3665 unum
229 3591 463 3693 alterumque
488 3589 660 3683 edentes,
692 3588 872 3682 unciales,
910 3591 994 3664 rufi.
1046 3597 1155 3667 Folia
1176 3593 1214 3665 in
1241 3590 1372 3663 densos
1395 3610 1477 3659 ver-

97 3723 223 3802 ticillos
244 3747 283 3803 et
303 3727 509 3827 'capitulum
534 3724 726 3799 terminale
752 3744 945 3823 congesta,
968 3725 1147 3825 oblonga,
1180 3751 1358 3818 concava,
1381 3720 1479 3794 sub·

98 3861 265 3958 cannata,
299 3862 465 3962 margine
495 3859 612 3958 magis
639 3859 847 3959 pellueente
874 3859 1108 3958 integerrima
1135 3882 1198 3935 aut
1221 3886 1391 3960 suprema
1411 3859 1477 3929 in-
1561 3844 1565 3851 ’

98 3994 215 4090 primis
237 4017 400 4093 serrata,
422 3996 511 4070 stria
531 4021 604 4069 una
627 3994 799 4085 alterave,
821 4019 905 4068 raro
929 3996 1055 4089 tertia,
1083 3987 1299 4072 abbreviatis
1324 4012 1476 4083 exarata,

97 4127 182 4205 altra
209 4159 357 4209 morem
385 4130 476 4224 Bryi
498 4127 674 4230 rigidaet
704 4129 862 4223 tenacia,
896 4115 1004 4228 quasi
1031 4130 1282 4228 cartilaginea,
1316 4127 1477 4201 siccitate
