3750 5264
536 481 816 594 Iscptoatomurrs
835 481 1031 560 aelam
1457 510 1479 584 p

245 668 428 765 &respires
456 662 685 764 densissimi,
712 667 862 745 unciam
884 670 1192 772 sesqui-alteram
1216 668 1300 766 alti,
1333 670 1478 767 molles,

90 828 204 903 aquae
246 800 387 897 bibuli,
427 801 615 879 radicibus
650 803 868 879 tomentosis
904 805 1064 882 connati.
1127 802 1276 902 males,
1318 798 1479 906 quorum

87 935 287 1038 longitudo
317 959 469 1036 propter
502 937 721 1018 densitatem
751 940 953 1039 caespitum
987 960 1025 1014 et
1049 938 1278 1016 debilitatem
1311 938 1476 1038 ipsorum

85 1071 272 1149 nonsatis
300 1073 477 1173 cognosci
499 1093 646 1176 potest,
678 1073 784 1173 apice
806 1103 922 1149 uarrm
947 1077 1147 1152 alterumve
1175 1075 1355 1151 ramulum
1378 1100 1478 1150 exse·

84 1227 178 1284 runt.
243 1211 355 1284 Folia
395 1229 533 1307 erecta,
576 1207 755 1306 oblonga,
799 1209 978 1287 inferiora
1016 1209 1336 1311 ovato-oblonga,
1371 1208 1475 1310 apice

84 1363 208 1438 acuta,
244 1363 310 1418 aut
339 1344 579 1445 emarginata,
612 1361 676 1418 aut
707 1363 847 1439 retusa,
882 1370 1069 1436 concava,
1104 1345 1359 1444 integerrima,
1389 1343 1475 1419 sub·

82 1478 301 1581 marginata,
335 1478 499 1555 siccitate
528 1478 569 1555 in
600 1478 700 1555 iunia
727 1478 888 1580 speciem
918 1499 1104 1576 contorta,
1134 1504 1287 1556 amoene
1319 1476 1472 1555 viridia:

81 1639 192 1691 nervo
216 1639 363 1710 crasso,
394 1613 435 1691 iu
466 1613 661 1716 cuspidem
680 1614 910 1711 subulamm,
941 1615 1024 1691 solii
1052 1615 1246 1693 dimidiam
1275 1635 1337 1689 aut
1368 1613 1472 1689 inte-

81 1775 178 1848 gram
215 1748 453 1836 latitudinem
485 1750 656 1851 longam,
697 1768 760 1826 aut
798 1750 1030 1850 longiorem,
1074 1751 1233 1846 laevem,
1271 1751 1468 1823 flexuosam

82 1905 246 1961 exeunte.
305 1886 435 1967 Floret
456 1890 612 1963 marculi
639 1886 811 1963 deerant:
835 1889 1000 1982 fimirrei
1008 1887 1115 1981 solio
1147 1885 1300 1960 caulinis
1325 1883 1469 1981 similia,

82 2016 205 2095 intima
230 2018 281 2101 sd
305 2018 555 2107 maturitatem
573 2021 715 2098 fructus
738 2049 759 2098 e
781 2021 987 2099 lanceolata
1008 2018 1215 2123 cuspidata,
1236 2040 1466 2122 perangusta.

83 2156 232 2243 Pr'srilla
264 2155 412 2233 circiter
451 2154 602 2252 decem,
639 2156 807 2257 gracilia,
845 2157 976 2235 lsadia:
1008 2159 1241 2256 paraplysea
1267 2154 1469 2252 subulatae,

85 2288 245 2365 articulis
277 2289 419 2390 longis,
447 2290 638 2393 limpidae.
691 2295 881 2393 Vagirrala
910 2291 1160 2388 teretiuscnla,
1189 2291 1330 2385 virens,
1362 2288 1468 2390 apice

86 2425 189 2501 lusca.
243 2430 470 2503 remanum
498 2427 797 2529 sesquiuneialis,
830 2430 933 2530 apim
960 2430 1154 2524 incurvus,
1184 2424 1468 2503 latescenti-ru·

87 2559 145 2639 lus.
195 2563 366 2661 asperia
384 2561 643 2658 horinontalis,
669 2561 931 2660 tereti-orata,
962 2559 1224 2664 aliquomodo
1253 2560 1467 2661 inaequalis,

90 2692 191 2772 dorso
216 2696 352 2797 plano,
380 2719 508 2775 ventre
534 2725 722 2795 convexo,
747 2697 877 2790 laevis,
899 2698 1038 2800 pallide
1064 2696 1184 2773 badia.
1237 2697 1466 2774 Membrana

90 2831 226 2919 marna
256 2831 417 2909 dimidio
450 2832 601 2913 brevior
630 2855 668 2909 et
692 2834 899 2934 augustior,
933 2854 1047 2926 teres,
1080 2834 1223 2936 apicem
1254 2857 1378 2906 versus
1405 2856 1466 2903 an·

92 2965 218 3060 gustior
249 2986 291 3047 et
325 2966 496 3064 tandem,
536 2967 602 3045 ubi
630 2968 847 3046 columellae
875 2971 1018 3072 apicem
1052 2968 1304 3070 amplectitur,
1339 2967 1463 3066 paullo

93 3101 251 3200 torosior,
277 3101 370 3204 tegit
395 3103 444 3178 ita
460 3124 561 3181 arcte
583 3102 802 3181 columellae
824 3105 981 3207 apicem,
1006 3127 1048 3182 ut
1063 3107 1204 3204 integra
1219 3086 1385 3202 separari
1404 3101 1463 3174 vir

93 3256 205 3334 queat,
228 3237 300 3314 sed
322 3235 499 3316 secedens
523 3236 695 3315 ostendat
715 3241 916 3340 marginem
943 3240 1172 3317 terminalem
1194 3264 1353 3334 erosum,
1378 3238 1463 3312 loco

92 3370 309 3471 peristomii,
350 3372 457 3476 quod
487 3373 677 3450 dentatum
718 3397 773 3450 est
805 3375 845 3450 in
878 3375 1123 3478 Leptostomo
1156 3389 1288 3450 erecto.
1352 3377 1463 3448 oola-

92 3510 182 3581 neta
207 3509 450 3606 semi-teres,
480 3506 593 3586 dorso
615 3510 801 3610 planiore,
826 3533 951 3616 ventre
977 3513 1102 3608 tereti,
1125 3513 1228 3586 sulco
1249 3507 1297 3583 ad
1321 3529 1463 3582 utrum·

92 3662 151 3736 que
167 3642 262 3718 latus
287 3643 492 3743 impresso;
525 3669 650 3721 versus
672 3648 814 3747 apicem
837 3649 877 3722 in
901 3646 1090 3750 quoddam
1113 3648 1252 3724 collum
1273 3663 1463 3719 contracta

91 3791 117 3844 et
143 3778 246 3877 apice
279 3802 406 3854 rursus
434 3780 610 3878 crassior,
644 3783 808 3884 capitata.
865 3789 1020 3859 Semina
1051 3783 1313 3876 minutissima,
1346 3807 1463 3881 qutun

90 3909 229 4005 tprtium
261 3939 336 4013 pro
368 3912 414 3986 iis
439 3913 479 3987 in
500 3939 629 4015 magna
656 3916 741 3994 licet
766 3919 914 4019 capsula
945 3921 1119 4021 exiguum
1146 3918 1210 4014 sit;
1239 3915 1461 3991 latescentia.

92 4045 300 4140 operculum
329 4047 526 4145 conicum,
546 4048 689 4151 capsula
715 4052 827 4155 triplo
853 4055 1050 4155 angustius,
1076 4049 1461 4161 quoniamgorilicium

91 4181 241 4277 capsulae
259 4203 460 4286 angustum
486 4204 550 4262 est.
601 4189 771 4266 :ornata
792 4189 926 4266 nullus.

681 4474 776 4514 ³⁸⁴*-
