3750 5264
546 518 767 623 mumdum
784 540 1010 641 piaaooidea.
1465 544 1486 608 3

90 727 176 805 ratis
200 748 323 820 tenax,
343 727 449 806 senio
470 749 532 806 aut
552 728 589 806 vi
613 726 854 830 disrumpitur
879 746 916 804 et
938 725 1075 802 semina
1105 718 1346 827 praegrandia
1379 723 1484 799 emit·

89 864 131 939 ti't
157 863 309 942 circiter
327 864 466 941 vicena.

190 999 276 1077 Oba.
301 999 519 1102 Vaginularn
544 998 729 1076 Bridelins
754 999 880 1077 adesse
900 1019 1028 1101 negat3
1061 997 1139 1075 vidi
1169 995 1287 1098 ipsam
1317 1012 1354 1071 et
1378 1016 1481 1073 antea

86 1133 279 1213 Bruchius.
330 1134 539 1238 Calyptram
560 1135 760 1212 cohaerere
785 1164 872 1213 cum
894 1138 1018 1212 linctu
1038 1133 1090 1209 ait
1109 1131 1310 1228 Bridelius,
1333 1130 1399 1206 sed
1420 1157 1482 1205 co·

86 1267 212 1347 haeret
227 1297 270 1347 ea
284 1269 383 1347 utin
397 1271 478 1346 aliis
492 1271 629 1348 muscis
645 1297 721 1347 non
743 1297 830 1349 cum
843 1273 968 1347 fructu
990 1269 1057 1346 sed
1073 1295 1160 1344 cum
1187 1265 1353 1369 vaginula
1367 1292 1400 1342 v.
1413 1269 1477 1366 fig.

89 1431 153 1502 aa,
167 1425 313 1482 tanturn
320 1403 390 1483 hac
403 1406 545 1483 ratione
564 1406 747 1510 discrepat
761 1410 808 1485 ab
823 1408 981 1483 aliorum
989 1430 1201 1482 muscorum
1216 1401 1478 1479 frondosarum

86 1541 263 1645 calyptra,
287 1541 391 1645 quod
414 1540 552 1620 diutius
572 1571 659 1621 cum
684 1542 852 1645 vaginula
871 1543 1049 1621 continua
1066 1559 1201 1616 manet.

183 1675 331 1753 Habitu
358 1697 507 1754 externo
546 1678 784 1779 distinguitur
816 1679 984 1779 vaginula
1017 1707 1038 1754 a
1067 1677 1230 1781 calyptra
1263 1700 1378 1776 quum
1412 1672 1475 1746 illa

86 1811 229 1911 turgida
255 1831 293 1888 et
317 1812 437 1889 virens
461 1814 532 1912 sit,
563 1814 634 1890 sed
656 1784 832 1891 convenit
855 1835 1055 1912 structura3
1088 1829 1173 1886 sunt
1198 1810 1298 1887 enim
1319 1807 1474 1884 cellulae

84 1945 273 2046 vaginulae
302 1949 416 2049 magis
443 1950 611 2051 turgidae
646 1970 682 2027 et
714 1949 869 2047 virides,
904 1937 1059 2025 cellulae
1091 1949 1129 2023 in
1161 1947 1326 2051 calyptra
1359 1942 1473 2042 magia

82 2106 323 2184 compressae,
348 2084 548 2186 limpidae,
574 2113 642 2163 nec
671 2085 807 2190 duplex
832 2086 1048 2161 cellularum
1068 2104 1234 2180 stratum,
1261 2101 1303 2156 ut
1319 2101 1472 2182 propter

84 2236 267 2320 turgorem
287 2219 385 2297 forte
410 2221 600 2320 crederes,
627 2223 666 2297 in
692 2222 860 2324 vaginula
886 2219 1188 2324 deprehenditur.

176 2353 384 2454 Vaginulae
420 2376 457 2433 et
485 2359 667 2461 calyptrae
708 2359 848 2434 ratione
889 2379 1122 2458 comparatur
1156 2382 1177 2430 a
1210 2352 1377 2430 Bruchio
1407 2350 1471 2426 hic

82 2514 224 2564 muscus
248 2517 335 2567 cum
357 2491 539 2594 sphagno,
563 2494 631 2570 aed
654 2495 794 2571 etiamsi
821 2495 979 2597 calyptra
1005 2493 1115 2568 simili
1140 2491 1254 2568 modo
1276 2488 1469 2589 irregulari

82 2623 257 2702 findatur:
291 2646 413 2706 tamen
440 2628 638 2705 discrimen
672 2650 726 2705 est
751 2629 876 2731 quoad
900 2630 1116 2729 vaginulam.
1167 2624 1269 2702 Haec
1304 2624 1402 2701 enim
1428 2623 1468 2696 iu

84 2759 244 2861 sphagno
276 2788 352 2840 non
385 2785 565 2842 coarctata
589 2786 627 2843 et
655 2766 853 2868 spongiosa
882 2785 952 2861 est,
992 2763 1058 2839 sed
1087 2763 1257 2864 ampliata
1286 2781 1325 2839 ct
1354 2785 1469 2835 mem·

83 2893 269 2992 branacea,
298 2900 451 3001 eiusque
473 2901 740 2977 incrementum
760 2903 830 2976 alia
863 2901 1004 2976 ratione
1021 2898 1218 2999 perficitur.
1271 2900 1466 2974 Caeterum

87 3031 138 3125 qni
161 3061 293 3111 musco
317 3035 499 3112 frondoso
520 3039 730 3139 vaginulam
757 3035 932 3135 denegat:
961 3034 1207 3134 pericarpium
1233 3030 1337 3132 qnod
1359 3031 1464 3130 apice

91 3166 307 3264 epidermide
329 3170 519 3273 (calyptra)
541 3175 767 3274 contegitur,
797 3173 875 3246 basi
897 3171 968 3245 hac
991 3168 1220 3270 epidermide
1251 3192 1374 3242 carere
1397 3163 1462 3235 di-

92 3321 183 3376 ceret.
235 3306 491 3406 Quamobrem
522 3335 600 3384 non
634 3309 801 3409 intelligo
835 3307 1026 3410 quomodo
1058 3303 1136 3378 dari
1165 3303 1280 3405 possit
1316 3327 1463 3375 muscus

94 3427 269 3515 frondosus
284 3440 543 3542 evaginulatus.
596 3443 817 3544 Sphagnum
832 3441 985 3545 quidem
998 3467 1128 3541 magua
1151 3437 1320 3538 vaginula
1340 3435 1496 3555 utitur..

132 3568 217 3655 Trb.
240 3575 341 3654 CCV
343 3630 352 3649 ·
383 3579 445 3677 fig.
471 3603 502 3656 1.
536 3579 678 3679 plantae
707 3580 992 3684 procumbentes
1021 3573 1272 3676 magnitudine
1297 3570 1463 3646 naturali.

173 3711 232 3810 fig.
255 3739 291 3788 a·
315 3713 429 3789 caulis
454 3739 635 3809 ramosus,
667 3720 704 3790 5.
730 3717 841 3790 caulis
866 3715 1059 3806 masculus,
1088 3708 1256 3784 acautis
1281 3705 1461 3783 femineus

178 3842 321 3922 duobus
347 3847 536 3943 calycibus
563 3869 599 3926 et
627 3850 828 3946 fructibus,
869 3871 1025 3950 uterque
1060 3847 1233 3946 simplex,
1268 3843 1365 3920 aucti
1395 3864 1460 3917 ter.

181 3980 236 4082 fig·
259 3990 295 4060 5.
321 3983 412 4059 folia
434 3983 510 4060 duo
534 3985 652 4062 caulis
671 3986 901 4079 innovantis,
928 3989 962 4058 6.
984 3985 1074 4058 folia
1096 3981 1229 4079 calycis
1253 4001 1358 4055 aucta
1376 4005 1463 4075 qua·

184 4133 240 4190 ter.
279 4145 315 4217 7.
345 4118 481 4195 folium
509 4121 644 4226 calycis
676 4149 719 4198 ex
744 4121 883 4195 intimis
913 4141 1062 4195 auctum
1094 4119 1202 4195 16ies.
1232 4119 1293 4216 fig.
1318 4121 1350 4190 8.
1380 4112 1460 4185 folii

181 4245 301 4329 baseos
327 4282 424 4358 pars,
448 4283 483 4355 9.
507 4283 600 4362 apex
621 4256 720 4334 aucti
749 4258 860 4333 odies.
882 4233 944 4356 fig.
965 4280 1021 4332 ιο.
1046 4255 1216 4350 anthera,
1247 4279 1300 4328 ιι.
1326 4248 1472 4351 pistilla'
