3750 5264
349 1113 909 1199 HELICODONTIUM
938 1119 1412 1204 'PENUIROSTRE

699 1296 803 1370 -Tab
837 1296 1043 1371 CCXCIII.

206 1497 499 1584 Perntomium
520 1498 668 1600 duplex,
698 1525 898 1605 utrumque
927 1505 1100 1579 dentibus
1127 1505 1308 1581 sedecim:
1345 1504 1501 1580 externis
1522 1505 1576 1576 in·
1689 1492 1691 1496 ’

277 1641 404 1732 tortis,
433 1637 587 1710 internis
613 1640 842 1734 transversis,
876 1641 955 1715 basi
979 1643 1155 1718 connatis.

221 1771 364 1848 Plorea
389 1776 563 1850 axillares.

312 1945 466 2019 Habitus
481 1943 704 2018 Leskearum
728 1939 926 2023 minorum.
959 1951 1085 2022 Caeles
1108 1967 1287 2048 repentes,
1315 1971 1402 2046 vage
1428 1943 1572 2018 ramosi.

210 2077 299 2155 Folia
319 2103 436 2174 ovata,
465 2099 590 2168 scrita,
614 2078 779 2174 obesula,
805 2080 947 2154 cellulis
964 2082 1412 2187 rubrotuudo·quadratis
1438 2110 1465 2154 s.
1485 2079 1574 2177 spis-

217 2212 258 2285 slt
304 2222 556 2293 pernumium
580 2215 765 2312 Leslreae,
797 2214 864 2293 sed
890 2216 1075 2293 internum
1099 2221 1276 2326 partitum
1309 2219 1432 2322 potius
1464 2242 1575 2314 quam

222 2349 313 2427 istun
342 2379 405 2431 aut
435 2354 627 2431 dentatum
657 2370 694 2425 et
724 2371 927 2428 transverse
960 2357 1180 2454 connivens,
1216 2355 1354 2434 externi
1382 2355 1510 2430 dentes
1534 2351 1573 2422 in

227 2482 338 2586 spirtu,
368 2492 492 2567 minus
516 2490 669 2566 densam
691 2487 863 2589 quidem,
889 2492 1056 2568 revoluti.

243 2676 518 2739 mrcononrrum
545 2647 675 2760 repens
702 2659 812 2733 ramis
835 2660 1136 2757 ascendentibus,
1162 2661 1262 2735 foliis
1281 2681 1432 2736 erecto·
1441 2657 1574 2758 patulis

295 2797 558 2898 mptinervibus
584 2794 847 2896 integerrimis,
873 2799 1051 2897 operculo
1074 2798 1293 2873 curvirostri.

173 3016 175 3043 ;
244 2953 274 3032 ln
293 2964 437 3041 Brasilia
469 2963 516 3038 ad
545 2961 703 3039 cortices
739 2962 914 3038 arborum
947 2965 1083 3039 lectum
1115 2966 1219 3041 dedit
1246 2973 1306 3040 Pr.
1330 2962 1483 3039 Hoolrer
1507 2959 1573 3032 sub

296 3100 440 3180 besica.
477 3119 521 3183 tt.

340 3274 461 3349 caulis
475 3269 770 3371 sesquinueialis,
793 3269 1012 3367 ascendens,
1039 3301 1128 3373 vage
1144 3295 1318 3347 ramosus.
1352 3271 1459 3344 Folia
1474 3293 1576 3366 spar-

227 3417 265 3495 81,
287 3408 532 3502 erectiuscula,
559 3424 681 3502 ovata,
709 3427 828 3502 acuta,
850 3407 1104 3506 integerrima,
1128 3407 1414 3504 submarginata,
1438 3401 1574 3491 mollia,

224 3525 311 3619 lurido
337 3543 490 3622 viridia:
528 3569 643 3618 nervo
671 3543 765 3617 ultra
790 3543 1307 3632 medietatemevanesceute,
1344 3541 1463 3633 tenui,
1501 3540 1575 3613 nb-

225 3678 326 3754 turin
347 3684 536 3757 colorato:
571 3679 713 3754 cellulis
736 3678 993 3775 subrotuudis,
1026 3681 1201 3780 turgidis,
1228 3677 1486 3775 marginalibus
1511 3674 1577 3747 dn.

224 3805 268 3898 l¹⁰
290 3816 504 3910 maioribus,
543 3814 675 3891 seriem
704 3842 816 3889 unam
851 3817 1178 3911 constituentibus,
1220 3815 1335 3913 magis
1370 3810 1578 3910 pellucidis.

227 3942 318 4030 llorer
345 3950 540 4043 monoeci,
576 3945 778 4049 cauligeni:
819 3955 975 4026 masculi
1008 3956 1121 4047 ovati,
1155 3953 1253 4026 soliis
1280 3947 1434 4024 caulinis
1461 3945 1577 4047 duplo

226 4078 358 4186 mlueres,
371 4089 481 4183 orati,
498 4087 713 4161 acuminati:
740 4089 827 4161 folia
840 4116 881 4164 ex
897 4099 1001 4166 olata
1018 4094 1093 4167 basi
1109 4093 1146 4164 in
1161 4089 1412 4166 tenuissimum
1424 4112 1590 4161 acumen.

341 4228 412 4282 Tab-
431 4225 578 4280 CCXCHI.
