3750 5264
504 1081 883 1171 BARTRAMIA
922 1083 1182 1167 AFFINIS.

616 1265 724 1351 Tab.
754 1264 1045 1348 CCXXXVII.

171 1484 410 1559 Perr‘atamium
436 1486 652 1564 membrana
681 1483 939 1574 horizontalis‚
966 1488 1090 1558 dentes
1118 1479 1280 1557 sedecim
1307 1496 1475 1559 externos
1507 1507 1544 1562 et

171 1618 307 1693 aarum
345 1647 496 1721 gerens:
536 1623 700 1701 internos
725 1622 913 1724 bierures3
943 1618 1112 1697 cruribus
1136 1616 1184 1693 ad
1212 1616 1375 1695 carinam
1412 1616 1544 1696 divari-

172 1750 261 1850 ntia,
283 1754 378 1832 ciliis
400 1758 634 1837 abbreviatis.

206 1892 323 1965 Florae
347 1893 589 1993 terminales.-

208 2026 356 2125 arpenta
389 2030 548 2107 sulcata.¹

300 2164 565 2241 peristomium
592 2190 691 2245 reete
715 2168 760 2243 ab
780 2164 979 2267 Hcdwigio
1002 2164 1252 2261 intellectum,
1280 2164 1345 2241 sed
1368 2192 1441 2240 uon
1457 2168 1545 2279 satis

173 2294 321 2394 explicite
348 2300 576 2402 expositum,
600 2332 620 2381 e
643 2304 816 2406 pluribus
840 2304 1032 2405 speciebus
1057 2302 1188 2378 adieci.
1242 2300 1442 2378 Peculiaris
1467 2301 1546 2376 eius

175 2449 283 2507 naara
307 2460 353 2511 eo
382 2438 559 2538 efficitur,
592 2461 635 2516 ut
655 2437 791 2516 interni
818 2436 1024 2540 peristomii
1050 2437 1177 2513 dentes
1207 2464 1285 2514 non
1309 2457 1351 2512 ut
1376 2436 1545 2537 plerique

176 2588 367 2647 muscomm
386 2574 526 2672 solent,
558 2576 694 2677 quibus
720 2574 885 2650 bierures
913 2574 1040 2649 dentes
1063 2593 1168 2669 suut,
1190 2598 1295 2647 crura
1314 2571 1361 2645 ad
1387 2571 1547 2646 carinam

176 2694 252 2779 later
271 2731 310 2781 se
344 2709 586 2808 conniveant,
621 2709 689 2788 sed
720 2711 844 2812 potius
879 2708 1056 2784 arcuatim
1090 2708 1138 2783 ab
1168 2707 1328 2785 invicem
1359 2704 1549 2798 secedant,

175 2833 397 2942 ubiteparata
410 2844 549 2921 fuerint
564 2874 585 2922 a
600 2846 750 2947 capsula
768 2867 804 2923 et
818 2845 858 2920 in
880 2844 1028 2945 planam
1052 2840 1205 2944 aliquod
1231 2842 1466 2918 inclinentur.
1493 2840 1548 2915 Ex

175 2966 416 3053 laedentium
441 2982 626 3082 positione
652 2982 771 3058 oritur
803 2979 986 3082 suspicio,
1019 2978 1124 3080 quasi
1147 2978 1294 3080 triginta
1320 2976 1397 3052 duo
1426 2977 1549 3051 adsint

175 3100 303 3205 dentes,
333 3140 496 3214 quorum
520 3117 619 3193 binis
645 3118 882 3221 propioribus
905 3114 1175 3190 interliciantur
1201 3114 1286 3189 cilia
1320 3113 1390 3207 ita,
1421 3133 1463 3186 ut
1489 3139 1549 3186 cx·

172 3237 247 3320 inde
273 3244 365 3323 dens
395 3252 522 3327 bierus
552 3254 638 3330 cilia
665 3252 862 3328 includens
891 3252 1051 3347 oriatur,
1089 3277 1183 3350 qnae
1218 3246 1414 3351 explicatio
1446 3247 1548 3323 omui

170 3382 363 3477 peristomii
394 3388 585 3463 communi
614 3389 905 3490 interpretationi
932 3404 1172 3488 repugnaret,
1204 3408 1240 3461 et
1271 3411 1406 3461 novam
1438 3383 1548 3457 huius

167 3517 320 3615 generis,
355 3546 479 3623 neque
497 3523 681 3601 veriorem
714 3522 1001 3625 descriptionem
1030 3522 1252 3623 efflagitaret.
1304 3521 1430 3596 Posita
1459 3543 1547 3594 vcro

162 3644 247 3727 baec
279 3680 366 3729 mea
397 3659 597 3759 explicatio
635 3662 746 3738 etiam
773 3659 945 3755 iconum,
984 3656 1241 3758 peristomium
1272 3656 1456 3732 internum
1486 3680 1546 3727 ex-

159 3778 385 3885 hibentium,
416 3792 706 3894 discrepantiam
728 3794 886 3889 levabit,
922 3791 1125 3891 inquibus
1153 3790 1352 3866 divaricata
1381 3789 1549 3861 dentium

157 3944 263 3997 crura
289 3949 504 4007 cernuntur.
554 3933 736 4009 Cilioxum
768 3954 860 4007 vero
885 3927 1089 4028 praeseutia
1115 3927 1235 4000 minus
1257 3927 1447 4026 perspicua
1470 3920 1552 3996 red·

155 4054 258 4134 ditur
288 4058 330 4135 in
365 4061 449 4163 ipso
483 4066 702 4166 peristomio
727 4060 973 4168 inquirendo,
1003 4058 1091 4161 quia
1116 4061 1222 4137 valde
1254 4061 1430 4161 plicatum
1457 4057 1554 4158 peri·

331 4199 406 4258 Tala.
427 4201 635 4268 CCXXXVII.
