3750 5264
342 627 529 706 Describit
550 625 660 703 suum
683 624 903 730 Hedwigius
930 637 965 728 s)
987 633 1097 708 flores
1122 630 1464 731 hermophroditos,
1482 660 1576 734 qnos

214 763 361 864 equidem
389 791 465 841 non
491 761 592 860 vidi,
623 762 694 838 nisi
719 765 817 842 forte
840 765 1041 868 Herlttigio
1062 766 1116 842 its
1142 766 1389 844 dissiluerint
1410 768 1573 869 feminei,

211 903 282 976 llore
304 902 462 978 masculo
488 896 707 975 secundario
733 902 851 992 aucti,
884 906 924 1007 a)
948 903 1068 980 caules
1090 904 1290 1003 femineos,
1318 903 1491 1009 cyathum
1517 897 1580 984 ex&

210 1056 352 1114 erentes.
405 1037 487 1112 Hos
514 1054 552 1110 et
574 1035 674 1135 ipsos
701 1037 871 1114 nondum
895 1041 1032 1116 inveni.

343 1178 430 1252 Flos
456 1175 638 1258 semineus
667 1199 752 1248 mox
775 1173 854 1250 alsit
879 1176 918 1250 io
944 1177 1125 1272 fructum3
1157 1176 1223 1253 sed
1249 1178 1316 1253 ubi
1340 1177 1482 1251 nullum
1516 1179 1572 1277 pi-

212 1315 323 1389 stillum
335 1310 375 1384 in
391 1311 555 1386 fructum
579 1330 789 1408 maturatur,
815 1332 903 1409 tum,
929 1313 1081 1389 insolito
1103 1340 1209 1391 sexus
1232 1312 1364 1389 mutati
1386 1312 1570 1413 exemplo,

211 1449 303 1524 oritur
323 1473 343 1524 e
363 1445 595 1546 receptaculo
621 1446 724 1521 floris
753 1447 931 1545 femineo,
965 1450 1066 1523 iuxta
1093 1472 1157 1527 aut
1181 1450 1277 1526 intra
1309 1450 1389 1549 ipsa
1414 1448 1563 1549 pistilla,

210 1587 262 1659 flos
288 1583 486 1674 macutus,
501 1608 616 1676 uuus,
658 1583 753 1679 dno,
787 1584 847 1660 vel
879 1606 971 1676 tres,
1006 1584 1072 1686 qui
1103 1607 1316 1662 excrescunt
1345 1586 1385 1659 in
1412 1584 1569 1659 totidem

212 1721 405 1814 cauliculos,
431 1718 567 1794 lineam
590 1744 702 1794 unam
724 1719 771 1794 sd
794 1746 856 1796 sex
881 1721 994 1811 altos,
1026 1722 1194 1824 aphyllos
1220 1745 1283 1798 aut
1304 1721 1456 1798 minutis
1472 1720 1569 1794 foliis

213 1853 394 1957 adspersos,
427 1854 494 1956 qui
533 1854 573 1928 in
611 1855 719 1954 spice
763 1877 895 1956 gerunt
932 1859 1161 1958 completum
1194 1862 1326 1934 florem
1354 1856 1567 1931 masculum.

211 1987 251 2064 lta
274 1993 402 2067 abortu
433 1989 654 2092 pistillorum
679 1991 778 2067 facto
811 2013 973 2068 mutatur
1004 1992 1115 2067 caulis
1147 1993 1328 2069 femineus
1358 1994 1398 2067 in
1429 2018 1569 2066 unascu-

211 2124 283 2224 lum,
299 2129 356 2204 vel
378 2130 410 2203 si
432 2126 548 2202 mavis
570 2125 654 2228 quia
679 2126 814 2226 pistilla
840 2129 1057 2231 persistunt,
1078 2127 1436 2229 hermaphroditum.

334 2265 481 2342 Praeter
505 2261 690 2338 lloriferos
709 2264 832 2338 caules
857 2266 931 2363 ulii,
957 2291 1064 2365 saepe
1085 2292 1215 2365 magna
1236 2265 1345 2366 copia
1365 2266 1566 2343 consociati
1588 2318 1594 2328 .

214 2399 454 2502 etassorigeris
477 2398 630 2503 separati
651 2419 801 2492 exstant,
829 2401 1014 2500 simplices
1040 2421 1102 2476 aut
1129 2426 1212 2476 raro
1230 2403 1335 2503 apice
1356 2402 1414 2476 bis
1431 2402 1490 2478 vel
1512 2420 1567 2475 ter

211 2538 335 2633 ramosi,
364 2534 463 2612 foliis
489 2533 660 2610 omnibus
688 2537 817 2630 ovatis,
844 2535 1073 2638 patulisque,
1097 2538 1327 2615 intermediis
1353 2538 1566 2630 maioribus,

210 2667 420 2751 inferioribus
462 2692 500 2749 et
542 2670 795 2771 superioribus
825 2671 1032 2748 minoribus
1065 2672 1320 2749 terminalibus
1354 2674 1471 2747 tribus
1508 2692 1568 2745 aut

183 2828 334 2904 -quttnor
359 2807 669 2909 ereetoputulis,
695 2807 791 2883 inter
817 2834 980 2910 quorum
1001 2808 1123 2883 sinum
1151 2809 1262 2886 adest
1280 2808 1492 2912 pulvinulus
1515 2808 1567 2878 fi-

208 2936 302 3021 lorum
323 2968 550 3042 erectorum,
574 2941 870 3042 articulatorurn,
897 2943 1038 3020 cellulis
1065 2943 1185 3018 minus
1212 2944 1460 3044 regularibus,
1488 2941 1568 3042 qui·

208 3070 333 3159 lunam
371 3081 612 3184 compressis,
656 3079 752 3155 inter
787 3108 881 3181 qnos
922 3081 1094 3156 immersa
1140 3080 1373 3181 reperiuntur
1410 3103 1567 3179 corpora

209 3213 314 3310 auls,
335 3218 482 3296 cellulis
501 3216 625 3293 multis
650 3219 868 3318 composita,
893 3216 1029 3293 sessilis
1053 3236 1115 3291 aut
1139 3221 1236 3292 inter
1260 3217 1321 3291 fila
1348 3216 1564 3308 nidulantia,

208 3340 469 3454 ulio-viridia,
494 3352 627 3429 similia
649 3354 967 3454 corpusculorum,
990 3379 1083 3455 quae
1099 3352 1333 3453 reperiuntur
1352 3352 1391 3426 in
1406 3351 1564 3426 Aulaeo·

210 3484 286 3562 mttio
307 3491 474 3587 palustri
497 3511 536 3568 et
566 3493 798 3588 androgyno.
851 3490 993 3593 Elapsis
1019 3489 1077 3565 his
1109 3489 1338 3590 corpusculis
1366 3487 1563 3589 persistunt

211 3610 274 3694 solit
301 3628 502 3704 terminalis
531 3626 649 3704 oeulis
682 3647 721 3701 et
750 3625 904 3730 cyathos
935 3625 1077 3702 Halleri
1105 3625 1246 3704 sistunt
1297 3625 1398 3700 Haeo
1432 3649 1565 3721 corpu-

212 3752 285 3830 scula
313 3761 469 3838 maxime
499 3761 674 3839 differunt
701 3763 747 3838 ub
779 3763 941 3839 sotheris
971 3763 1139 3840 omnium
1173 3789 1385 3841 muscosum
1411 3768 1457 3860 :ct
1482 3785 1564 3862 pos-

212 3882 264 3960 sint
283 3917 354 3973 esse
376 3899 499 3999 proles
533 3900 760 3976 novellarum
790 3901 1017 4002 plantarum3
1051 3898 1097 3976 de
1132 3925 1206 4000 qua
1240 3925 1280 3976 re
1313 3897 1562 3997 experimenta

213 4013 404 4109 instituenda
447 4058 554 4113 erunt
587 4037 662 4129 eis,
690 4037 758 4138 qui
792 4037 1086 4142 physiologieam
1117 4037 1369 4138 quaestionem
1400 4059 1475 4109 non
1511 4058 1565 4105 re·
